% Encoding: UTF-8
@Comment{$ biblatex control file $}
@Comment{$ biblatex version 1.7 $}


@Control{biblatex-control,
  options = {1.7:0:0:1:0:0:1:1:0:1:0:0:12:1:3:1:79:+},
}

% Preprints

@misc {MO1,
    TITLE = {Mixed volumes of {N}ewton-–{O}kounkov bodies},
    AUTHOR = {Xia, M. },
    HOWPUBLISHED = {MathOverflow},
    URL = {https://mathoverflow.net/q/408179}
}


@misc{His19,
  title={Geometric flow, Multiplier ideal sheaves and Optimal destabilizer for a {F}ano manifold},
  author={Hisamoto, T.},
  archivePrefix = {arXiv},
  eprint={1901.08480},
  year={2019}
}


@misc {Xia22,
  title={Non-pluripolar products on vector bundles and Chern--Weil formulae on mixed Shimura varieties},
  author={Xia, Mingchen},
  year={2022},
  url= {http://www.math.chalmers.se/~xiam/CW.pdf},
}

@article{Xiarad,
  title={Radial Calabi Flow},
  author={Xia, Mingchen},
  year={2020},
  url={http://www.math.chalmers.se/~xiam/RCF.pdf}
}

@misc{DX21,
      title={The volume of pseudoeffective line bundles and partial equilibrium}, 
      author={Darvas, T. and Xia, M.},
      year={2021},
      eprint={2112.03827},
      archivePrefix={arXiv},
      primaryClass={math.DG}
}

@misc{XiaBer,
      title={Analytic Bertini theorem}, 
      author={Xia, M.},
      year={2021},
      eprint={2110.14971},
      archivePrefix={arXiv},
      primaryClass={math.AG}
}

@misc{DF20,
      title={Intersection theory of nef b-divisor classes}, 
      author={Dang, N. B. and Favre, C.},
      year={2020},
      eprint={2007.04549},
      archivePrefix={arXiv},
      primaryClass={math.AG}
}


@misc{Bern13b,
      title={The openness conjecture for plurisubharmonic functions}, 
      author={Bo Berndtsson},
      year={2013},
      eprint={1305.5781},
      archivePrefix={arXiv},
      primaryClass={math.CV}
}

@misc{BHJ16,
    title={Uniform {K}-stability and asymptotics of energy functionals in {K}ähler geometry},
    author={Boucksom, S. and Hisamoto, T. and Jonsson, M.},
    year={2016},
    eprint={1603.01026},
    archivePrefix={arXiv},
    primaryClass={math.DG}
}

@misc{Fin20,
  title={On characteristic forms of positive vector bundles, mixed discriminants and pushforward identities},
  author={Finski, S.},
  year={2020},
    eprint={2009.13107},
    archivePrefix={arXiv},
    primaryClass={math.AG}
}

@misc{BLX19,
    title={Openness of {K}-semistability for {F}ano varieties},
    author={Blum, H. and Liu, Y. and Xu, C.},
    year={2019},
    eprint={1907.02408},
    archivePrefix={arXiv},
    primaryClass={math.AG}
}

@misc{Day21,
      title={Descente fid\`element plate et alg\'ebrisation en g\'eom\'etrie de {B}erkovich}, 
      author={Daylies, M.},
      year={2021},
      eprint={2103.10490},
      archivePrefix={arXiv},
      primaryClass={math.AG}
}

@misc{BGM20,
      title={Non-{A}rchimedean volumes of metrized nef line bundles}, 
      author={Boucksom, S. and Gubler, W. and Martin, F.},
      year={2020},
      eprint={2011.06986},
      archivePrefix={arXiv},
      primaryClass={math.AG}
}

@misc{Xu20,
  title={K-stability of {F}ano varieties: an algebro-geometric approach},
  author={Xu, C.},
  year={2020},
  howpublished = "\url{http://math.mit.edu/~cyxu/Kstability.pdf}"
}



@misc{Xia20,
      title={Pluripotential-theoretic stability thresholds}, 
      author={Xia, M.},
      year={2020},
      eprint={2012.12039},
      archivePrefix={arXiv},
      primaryClass={math.DG}
}

@misc{Mat18,
      title={Variation of numerical dimension of singular {H}ermitian line bundles}, 
      author={Matsumura, S.},
      year={2018},
      eprint={1811.04385},
      archivePrefix={arXiv},
      primaryClass={math.AG}
}



@misc{Xia19,
      title={Mabuchi geometry of big cohomology classes with prescribed singularities}, 
      author={Xia, M.},
      year={2021},
      eprint={1907.07234},
      archivePrefix={arXiv},
      primaryClass={math.DG}
}

@misc{Xia21,
      title={Partial {O}kounkov bodies and {D}uistermaat--{H}eckman measures of non-{A}rchimedean metrics}, 
      author={Xia, M.},
      year={2021},
      eprint={2112.04290},
      archivePrefix={arXiv},
      primaryClass={math.AG}
}

@misc{Xia19b,
      title={Integration by parts formula for non-pluripolar product}, 
      author={Xia, M.},
      year={2019},
      eprint={1907.06359},
      archivePrefix={arXiv},
      primaryClass={math.DG}
}

@misc{Li20,
    title={Geodesic rays and stability in the csc{K} problem},
    author={Li, C.},
    year={2020},
    eprint={2001.01366},
    archivePrefix={arXiv}
}


@misc{DF20a,
      title={Spectral interpretations of dynamical degrees and applications}, 
      author={Dang, N. B. and Favre, C.},
      year={2020},
      eprint={2006.10262},
      archivePrefix={arXiv},
      primaryClass={math.AG}
}




@misc{Ber19,
      title={Sharp deviation inequalities for the {2D} {C}oulomb gas and Quantum hall states, {I}}, 
      author={Berman, R. J.},
      year={2019},
      eprint={1906.08529},
      archivePrefix={arXiv},
      primaryClass={math-ph}
}


@misc{RTZ20,
  title={Basis divisors and balanced metrics}, 
  author={Rubinstein, Y. A. and Tian, G. and Zhang, K.},
  year={2020},
  eprint={2008.08829},
  archivePrefix={arXiv},
  primaryClass={math.DG}
}

@misc{CLP14,
  title={Approximation of weak geodesics and subharmonicity of {M}abuchi energy},
  author={Chen, X. and Li, L. and Păun, M.},
  archivePrefix = {arXiv},
  eprint={1409.7896},
  year={2014}
}

@misc{ZZ19,
      title={Some criteria for uniform {K}-stability}, 
      author={Zhou, C. and Zhuang, Z.},
      year={2019},
      eprint={1907.05293},
      archivePrefix={arXiv},
      primaryClass={math.AG}
}

@misc{Duc20,
      title={D\'evisser, d\'ecouper, \'eclater et aplatir les espaces de {B}erkovich}, 
      author={Ducros, A.},
      year={2020},
      eprint={1906.00301},
      archivePrefix={arXiv},
      primaryClass={math.AG}
}


@misc{LiL17,
  title={Strict convexity of the {M}abuchi functional for energy minimizers},
  author={Li, L.},
  archivePrefix = {arXiv},
  eprint = {1711.09717},
  year={2017}
}

@misc{BGGJK20,
  title={A comparison of positivity in complex and tropical toric geometry},
  author={Burgos Gil, J. and Gubler, W. and Jell, P. and K{\"u}nnemann, K.},
  archivePrefix = {arXiv},
  eprint={2003.08644},
  year={2020},
  label={BGGJK}
}

@misc{Ber09,
      title={Probability measures related to geodesics in the space of {K}\"ahler metrics}, 
      author={Berndtsson, B.},
      year={2009},
      eprint={0907.1806},
      archivePrefix={arXiv},
      primaryClass={math.DG}
}


@misc{Mat16,
      title={Injectivity theorems with multiplier ideal sheaves for higher direct images under {K}\"ahler morphisms}, 
      author={Matsumura, S.},
      year={2018},
      eprint={1607.05554},
      archivePrefix={arXiv},
      primaryClass={math.CV}
}

@misc{CC3,
      title={On the constant scalar curvature {K}\"ahler metrics, general automorphism group}, 
      author={Chen, X. and Cheng, J.},
      year={2018},
      eprint={1801.05907},
      archivePrefix={arXiv},
      primaryClass={math.DG}
}

@misc{CLD12,
  title={Formes différentielles réelles et courants sur les espaces de {B}erkovich},
  author={Chambert-Loir, A. and Ducros, A.},
  archivePrefix = {arXiv},
  eprint={1204.6277},
  year={2012},
  label={CLD}
}

@misc{Ber17,
  title={On the strict convexity of the {K}-energy},
  author={Berman, R. J.},
  archivePrefix = {arXiv},
  eprint={1710.09075},
  year={2017}
}

@misc{Nau17,
    title={An approach to {G}riffiths conjecture},
    author={Naumann, P.},
    year={2017},
    eprint={1710.10034},
    archivePrefix={arXiv},
    primaryClass={math.AG}
}


@misc{Gue14,
  title={The metric completion of the {R}iemannian space of {K}{\"a} hler metrics},
  author={Guedj, V.},
  archivePrefix = {arXiv},
  eprint = {1401.7857},
  year={2014}
}


@misc{Bou18,
  title={Variational and non-{A}rchimedean aspects of the {Y}au--{T}ian--{D}onaldson conjecture},
  author={Boucksom, S.},
  archivePrefix = {arXiv},
  eprint={1805.03289},
  year={2018}
}

@misc{BLZ19,
    title={Optimal destabilization of {K}-unstable {F}ano varieties via stability thresholds},
    author={Blum, H. and Liu, Y. and Zhou, C.},
    year={2019},
    eprint={1907.05399},
    archivePrefix={arXiv},
    primaryClass={math.AG}
}

@misc{Yao17,
  title={Mabuchi metrics and relative Ding stability of toric {F}ano varieties},
  author={Yao, Y.},
  archivePrefix = {arXiv},
  eprint={1701.04016},
  year={2017}
}


@misc{BJ18b,
      title={Global pluripotential theory over a trivially valued field}, 
      author={Boucksom, S. and Jonsson, M.},
      year={2021},
      eprint={1801.08229},
      archivePrefix={arXiv},
      primaryClass={math.AG}
}


@misc{BLM18,
  title={Revisiting the de {R}ham--{W}itt complex},
  author={Bhatt, B. and Lurie, J. and Mathew, A.},
  eprint={1805.05501},
  year={2018},
  archivePrefix={arXiv},
      primaryClass={math.AG}
}


@misc{Ye07,
  title={Entropy functionals, {S}obolev inequalities and kappa-noncollapsing estimates along the {R}icci flow},
  author={Ye, R.},
  archivePrefix = {arXiv},
  eprint = {0709.2724},
  year={2007}
}

@misc{BBGHdJ21,
      title={Chern--{W}eil and {H}ilbert--{S}amuel formulae for singular hermitian line bundles}, 
      author={Botero, A. and Burgos Gil, J. I. and Holmes, D. and de Jong, R.},
      year={2021},
      eprint={2112.09007},
      archivePrefix={arXiv},
      primaryClass={math.AG},
      label={BBGHdJ}
}

@misc{BBGHdJ22,
      title={Rings of {S}iegel--{J}acobi forms of bounded relative index are not finitely generated}, 
      author={Botero, A. and Burgos Gil, J. I. and Holmes, D. and de Jong, R.},
      year={2022},
      eprint={2203.14583},
      archivePrefix={arXiv},
      primaryClass={math.AG},
      label={BBGHdJ}
}

@misc{Bac18,
  title={Old and new challenges in {H}adamard spaces},
  author={Bačák, M.},
  archivePrefix = {arXiv},
  eprint={1807.01355},
  year={2018},
}
@misc{BB11,
  title={Moser--{T}rudinger type inequalities for complex {M}onge--{A}mp{è}re operators and {A}ubin's "hypoth{è}se fondamentale"},
  author={Berman, R. J. and Berndtsson, B.},
  archivePrefix = {arXiv},
  eprint={1109.1263},
  year={2011}
}

@misc{Bo17,
  title={Singularities of plurisubharmonic functions and multiplier ideals},
  author={Boucksom, S.},
  year={2017},
  howpublished = {\url{http://sebastien.boucksom.perso.math.cnrs.fr/notes/L2.pdf}},
}

@misc{De12,
  title={Complex analytic and differential geometry},
  author={Demailly, J.-P.},
  howpublished={\url{https://www-fourier.ujf-grenoble.fr/~demailly/manuscripts/agbook.pdf}},
  year={2012}
}

@misc{stacks-project,
  author       = {The {Stacks Project Authors}},
  title        = {Stacks Project},
  howpublished = {\url{http://stacks.math.columbia.edu}},
  year         = {2020},
  shorthand    = {Stacks},
}




@article{BJ18,
  title={A non-{A}rchimedean approach to {K}-stability},
  author={Boucksom, S. and Jonsson, M.},
  archivePrefix = {arXiv},
  eprint={1805.11160},
  year={2018}
}

% Articles


@article{XiaPPT,
      title={Pluripotential-theoretic stability thresholds},
      author={Xia, M.},
      year={2022},
      Journal= {IMRN},
      Fjournal={International Mathematics Research Notices},
      issn = {1073-7928},
      doi = {10.1093/imrn/rnac186},
      url = {https://doi.org/10.1093/imrn/rnac186},
      year = {2022},
}


@article {Mum77,
    AUTHOR = {Mumford, David},
     TITLE = {Hirzebruch's proportionality theorem in the noncompact case},
   JOURNAL = {Invent. Math.},
  FJOURNAL = {Inventiones Mathematicae},
    VOLUME = {42},
      YEAR = {1977},
     PAGES = {239--272},
      ISSN = {0020-9910},
   MRCLASS = {32M15 (14D20 22E40 32N10 57R20)},
  MRNUMBER = {471627},
MRREVIEWER = {A. L. Onishchik},
       DOI = {10.1007/BF01389790},
       URL = {https://doi.org/10.1007/BF01389790},
}

@article {HZ21,
    AUTHOR = {He, Weiyong and Zeng, Yu},
     TITLE = {The {C}alabi flow with rough initial data},
   JOURNAL = {Int. Math. Res. Not. IMRN},
  FJOURNAL = {International Mathematics Research Notices. IMRN},
      YEAR = {2021},
    NUMBER = {10},
     PAGES = {7470--7551},
      ISSN = {1073-7928},
   MRCLASS = {53E30 (32Q15)},
  MRNUMBER = {4259154},
MRREVIEWER = {Masaya Kawamura},
       DOI = {10.1093/imrn/rnz050},
       URL = {https://doi.org/10.1093/imrn/rnz050},
}



@article {Rub08,
    AUTHOR = {Rubinstein, Yanir A.},
     TITLE = {Some discretizations of geometric evolution equations and the
              {R}icci iteration on the space of {K}\"{a}hler metrics},
   JOURNAL = {Adv. Math.},
  FJOURNAL = {Advances in Mathematics},
    VOLUME = {218},
      YEAR = {2008},
    NUMBER = {5},
     PAGES = {1526--1565},
      ISSN = {0001-8708},
   MRCLASS = {32Q20 (53C25 53C44 53C55 58E11)},
  MRNUMBER = {2419932},
MRREVIEWER = {Gabjin Yun},
       DOI = {10.1016/j.aim.2008.03.017},
       URL = {https://doi.org/10.1016/j.aim.2008.03.017},
}
	

@article {Rub09,
    AUTHOR = {Rubinstein, Yanir A.},
     TITLE = {On the construction of {N}adel multiplier ideal sheaves and
              the limiting behavior of the {R}icci flow},
   JOURNAL = {Trans. Amer. Math. Soc.},
  FJOURNAL = {Transactions of the American Mathematical Society},
    VOLUME = {361},
      YEAR = {2009},
    NUMBER = {11},
     PAGES = {5839--5850},
      ISSN = {0002-9947},
   MRCLASS = {32Q20 (14J45 53C44 58E11)},
  MRNUMBER = {2529916},
MRREVIEWER = {Valentino Tosatti},
       DOI = {10.1090/S0002-9947-09-04675-3},
       URL = {https://doi.org/10.1090/S0002-9947-09-04675-3},
}


@article {Chen00,
    AUTHOR = {Chen, Xiuxiong},
     TITLE = {The space of {K}\"{a}hler metrics},
   JOURNAL = {J. Differential Geom.},
  FJOURNAL = {Journal of Differential Geometry},
    VOLUME = {56},
      YEAR = {2000},
    NUMBER = {2},
     PAGES = {189--234},
      ISSN = {0022-040X},
   MRCLASS = {32Q15 (32W20 58D27 58E11)},
  MRNUMBER = {1863016},
MRREVIEWER = {David L. Finn},
       URL = {http://projecteuclid.org/euclid.jdg/1090347643},
}

@article {SD20,
    AUTHOR = {Sj\"{o}str\"{o}m Dyrefelt, Zakarias},
     TITLE = {Optimal lower bounds for {D}onaldson's {J}-functional},
   JOURNAL = {Adv. Math.},
  FJOURNAL = {Advances in Mathematics},
    VOLUME = {374},
      YEAR = {2020},
     PAGES = {107271, 37},
      ISSN = {0001-8708},
   MRCLASS = {53C55 (32Q26)},
  MRNUMBER = {4157574},
MRREVIEWER = {Gideon Maschler},
       DOI = {10.1016/j.aim.2020.107271},
       URL = {https://doi.org/10.1016/j.aim.2020.107271},
}



@article {DW22,
    AUTHOR = {Darvas, Tam\'{a}s and Wu, Kuang-Ru},
     TITLE = {Griffiths extremality, interpolation of norms, and {K}\"{a}hler
              quantization},
   JOURNAL = {J. Geom. Anal.},
  FJOURNAL = {Journal of Geometric Analysis},
    VOLUME = {32},
      YEAR = {2022},
    NUMBER = {7},
     PAGES = {Paper No. 203, 27},
      ISSN = {1050-6926},
   MRCLASS = {32W20 (32U05 53C55)},
  MRNUMBER = {4425365},
       DOI = {10.1007/s12220-022-00940-0},
       URL = {https://doi.org/10.1007/s12220-022-00940-0},
}

@article {LRSW18,
    AUTHOR = {L\"{a}rk\"{a}ng, Richard and Raufi, Hossein and Sera, Martin and
              Wulcan, Elizabeth},
     TITLE = {Chern forms of {H}ermitian metrics with analytic singularities
              on vector bundles},
   JOURNAL = {Indiana Univ. Math. J.},
  FJOURNAL = {Indiana University Mathematics Journal},
    VOLUME = {71},
      YEAR = {2022},
    NUMBER = {1},
     PAGES = {153--189},
      ISSN = {0022-2518},
   MRCLASS = {32U40 (32C30 32W20)},
  MRNUMBER = {4395594},
MRREVIEWER = {Duc-Viet Vu},
       DOI = {10.1512/iumj.2022.71.8834},
       URL = {https://doi.org/10.1512/iumj.2022.71.8834},
}


@article {LXZ22,
    AUTHOR = {Liu, Yuchen and Xu, Chenyang and Zhuang, Ziquan},
     TITLE = {Finite generation for valuations computing stability
              thresholds and applications to {K}-stability},
   JOURNAL = {Ann. of Math. (2)},
  FJOURNAL = {Annals of Mathematics. Second Series},
    VOLUME = {196},
      YEAR = {2022},
    NUMBER = {2},
     PAGES = {507--566},
      ISSN = {0003-486X},
   MRCLASS = {14J45 (14D20 14E99 32Q20)},
  MRNUMBER = {4445441},
       DOI = {10.4007/annals.2022.196.2.2},
       URL = {https://doi.org/10.4007/annals.2022.196.2.2},
}

@article {Tian92,
    AUTHOR = {Tian, Gang},
     TITLE = {On stability of the tangent bundles of {F}ano varieties},
   JOURNAL = {Internat. J. Math.},
  FJOURNAL = {International Journal of Mathematics},
    VOLUME = {3},
      YEAR = {1992},
    NUMBER = {3},
     PAGES = {401--413},
      ISSN = {0129-167X},
   MRCLASS = {32L07 (14J45 53C25)},
  MRNUMBER = {1163733},
MRREVIEWER = {Jaros\l aw A. Wi\'{s}niewski},
       DOI = {10.1142/S0129167X92000175},
       URL = {https://doi.org/10.1142/S0129167X92000175},
}


@article {Sze15,
    AUTHOR = {Sz\'{e}kelyhidi, G\'{a}bor},
     TITLE = {Filtrations and test-configurations},
      NOTE = {With an appendix by Sebastien Boucksom},
   JOURNAL = {Math. Ann.},
  FJOURNAL = {Mathematische Annalen},
    VOLUME = {362},
      YEAR = {2015},
    NUMBER = {1-2},
     PAGES = {451--484},
      ISSN = {0025-5831},
   MRCLASS = {53C55},
  MRNUMBER = {3343885},
MRREVIEWER = {Julius Ross},
       DOI = {10.1007/s00208-014-1126-3},
       URL = {https://doi.org/10.1007/s00208-014-1126-3},
}


@article {Tak20,
    AUTHOR = {Takahashi, Ryosuke},
     TITLE = {The {K}\"{a}hler-{R}icci flow and quantitative bounds for
              {D}onaldson-{F}utaki invariants of optimal degenerations},
   JOURNAL = {Proc. Amer. Math. Soc.},
  FJOURNAL = {Proceedings of the American Mathematical Society},
    VOLUME = {148},
      YEAR = {2020},
    NUMBER = {8},
     PAGES = {3527--3536},
      ISSN = {0002-9939},
   MRCLASS = {53E30 (14L24 53C55)},
  MRNUMBER = {4108858},
MRREVIEWER = {Kai Zheng},
       DOI = {10.1090/proc/15004},
       URL = {https://doi.org/10.1090/proc/15004},
}


@article {Zhangconti,
    AUTHOR = {Zhang, Kewei},
     TITLE = {Continuity of delta invariants and twisted {K}\"{a}hler-{E}instein
              metrics},
   JOURNAL = {Adv. Math.},
  FJOURNAL = {Advances in Mathematics},
    VOLUME = {388},
      YEAR = {2021},
     PAGES = {Paper No. 107888, 25},
      ISSN = {0001-8708},
   MRCLASS = {53C55 (14C20 53C25)},
  MRNUMBER = {4288212},
       DOI = {10.1016/j.aim.2021.107888},
       URL = {https://doi.org/10.1016/j.aim.2021.107888},
}


@article {Dem82,
    AUTHOR = {Demailly, Jean-Pierre},
     TITLE = {Estimations {$L^{2}$} pour l'op\'{e}rateur {$\bar \partial $}
              d'un fibr\'{e} vectoriel holomorphe semi-positif au-dessus d'une
              vari\'{e}t\'{e} k\"{a}hl\'{e}rienne compl\`ete},
   JOURNAL = {Ann. Sci. \'{E}cole Norm. Sup. (4)},
  FJOURNAL = {Annales Scientifiques de l'\'{E}cole Normale Sup\'{e}rieure. Quatri\`eme
              S\'{e}rie},
    VOLUME = {15},
      YEAR = {1982},
    NUMBER = {3},
     PAGES = {457--511},
      ISSN = {0012-9593},
   MRCLASS = {32L15 (32L20)},
  MRNUMBER = {690650},
MRREVIEWER = {Autorreferat},
       URL = {http://www.numdam.org/item?id=ASENS_1982_4_15_3_457_0},
}
	

@article {Tia97,
    AUTHOR = {Tian, Gang},
     TITLE = {K\"{a}hler-{E}instein metrics with positive scalar curvature},
   JOURNAL = {Invent. Math.},
  FJOURNAL = {Inventiones Mathematicae},
    VOLUME = {130},
      YEAR = {1997},
    NUMBER = {1},
     PAGES = {1--37},
      ISSN = {0020-9910},
   MRCLASS = {53C25 (32L07 53C55)},
  MRNUMBER = {1471884},
MRREVIEWER = {Thalia D. Jeffres},
       DOI = {10.1007/s002220050176},
       URL = {https://doi.org/10.1007/s002220050176},
}

@article {WN12,
    AUTHOR = {Witt Nystr\"{o}m, David},
     TITLE = {Test configurations and {O}kounkov bodies},
   JOURNAL = {Compos. Math.},
  FJOURNAL = {Compositio Mathematica},
    VOLUME = {148},
      YEAR = {2012},
    NUMBER = {6},
     PAGES = {1736--1756},
      ISSN = {0010-437X},
   MRCLASS = {14D15 (14J60 32G08 32Q15 32Q26 52B12)},
  MRNUMBER = {2999302},
MRREVIEWER = {Yanir A. Rubinstein},
       DOI = {10.1112/S0010437X12000358},
       URL = {https://doi.org/10.1112/S0010437X12000358},
}


@article {WN14,
    AUTHOR = {Witt Nystr\"{o}m, David},
     TITLE = {Transforming metrics on a line bundle to the {O}kounkov body},
   JOURNAL = {Ann. Sci. \'{E}c. Norm. Sup\'{e}r. (4)},
  FJOURNAL = {Annales Scientifiques de l'\'{E}cole Normale Sup\'{e}rieure. Quatri\`eme
              S\'{e}rie},
    VOLUME = {47},
      YEAR = {2014},
    NUMBER = {6},
     PAGES = {1111--1161},
      ISSN = {0012-9593},
   MRCLASS = {32L05 (52B20)},
  MRNUMBER = {3297156},
MRREVIEWER = {Vamsi Pritham Pingali},
       DOI = {10.24033/asens.2235},
       URL = {https://doi.org/10.24033/asens.2235},
}

@article {DS16a,
    AUTHOR = {Datar, Ved and Sz\'{e}kelyhidi, G\'{a}bor},
     TITLE = {K\"{a}hler-{E}instein metrics along the smooth continuity method},
   JOURNAL = {Geom. Funct. Anal.},
  FJOURNAL = {Geometric and Functional Analysis},
    VOLUME = {26},
      YEAR = {2016},
    NUMBER = {4},
     PAGES = {975--1010},
      ISSN = {1016-443X},
   MRCLASS = {53C55 (32Q20 53C25)},
  MRNUMBER = {3558304},
MRREVIEWER = {Ruadha\'{\i} Dervan},
       DOI = {10.1007/s00039-016-0377-4},
       URL = {https://doi.org/10.1007/s00039-016-0377-4},
}

@article {BGM21,
    AUTHOR = {Boucksom, S\'{e}bastien and Gubler, Walter and Martin, Florent},
     TITLE = {Non-{A}rchimedean volumes of metrized nef line bundles},
   JOURNAL = {\'{E}pijournal G\'{e}om. Alg\'{e}brique},
  FJOURNAL = {\'{E}pijournal de G\'{e}om\'{e}trie Alg\'{e}brique. EPIGA},
    VOLUME = {5},
      YEAR = {2021},
     PAGES = {Art. 13, 34},
   MRCLASS = {32P05 (14G22)},
  MRNUMBER = {4354028},
       DOI = {10.1109/lcsys.2020.2999043},
       URL = {https://doi.org/10.1109/lcsys.2020.2999043},
}

@article {Der19,
    AUTHOR = {Dervan, Ruadha\'{\i}},
     TITLE = {K-semistability of optimal degenerations},
   JOURNAL = {Q. J. Math.},
  FJOURNAL = {The Quarterly Journal of Mathematics},
    VOLUME = {71},
      YEAR = {2020},
    NUMBER = {3},
     PAGES = {989--995},
      ISSN = {0033-5606},
   MRCLASS = {32Q26 (14D06 14L24)},
  MRNUMBER = {4142719},
MRREVIEWER = {G. K. Sankaran},
       DOI = {10.1093/qmathj/haaa012},
       URL = {https://doi.org/10.1093/qmathj/haaa012},
}

@article {Rau15,
    AUTHOR = {Raufi, Hossein},
     TITLE = {Singular hermitian metrics on holomorphic vector bundles},
   JOURNAL = {Ark. Mat.},
  FJOURNAL = {Arkiv f\"{o}r Matematik},
    VOLUME = {53},
      YEAR = {2015},
    NUMBER = {2},
     PAGES = {359--382},
      ISSN = {0004-2080},
   MRCLASS = {32L05},
  MRNUMBER = {3391176},
MRREVIEWER = {Tsz On Mario Chan},
       DOI = {10.1007/s11512-015-0212-4},
       URL = {https://doi.org/10.1007/s11512-015-0212-4},
}


@article {Xu21,
    AUTHOR = {Xu, Chenyang},
     TITLE = {K-stability of {F}ano varieties: an algebro-geometric
              approach},
   JOURNAL = {EMS Surv. Math. Sci.},
  FJOURNAL = {EMS Surveys in Mathematical Sciences},
    VOLUME = {8},
      YEAR = {2021},
    NUMBER = {1-2},
     PAGES = {265--354},
      ISSN = {2308-2151},
   MRCLASS = {14D20 (14E30 14J10 14J45)},
  MRNUMBER = {4307210},
       DOI = {10.4171/emss/51},
       URL = {https://doi.org/10.4171/emss/51},
}


@article {CHT22,
    AUTHOR = {Collins, Tristan C. and Hisamoto, Tomoyuki and Takahashi,
              Ryosuke},
     TITLE = {The inverse {M}onge-{A}mp\`ere flow and applications to
              {K}\"{a}hler-{E}instein metrics},
   JOURNAL = {J. Differential Geom.},
  FJOURNAL = {Journal of Differential Geometry},
    VOLUME = {120},
      YEAR = {2022},
    NUMBER = {1},
     PAGES = {51--95},
      ISSN = {0022-040X},
   MRCLASS = {53E30 (32Q25 32W20)},
  MRNUMBER = {4362286},
       DOI = {10.4310/jdg/1641413788},
       URL = {https://doi.org/10.4310/jdg/1641413788},
}

@article {RTZ21,
    AUTHOR = {Rubinstein, Yanir A. and Tian, Gang and Zhang, Kewei},
     TITLE = {Basis divisors and balanced metrics},
   JOURNAL = {J. Reine Angew. Math.},
  FJOURNAL = {Journal f\"{u}r die Reine und Angewandte Mathematik. [Crelle's
              Journal]},
    VOLUME = {778},
      YEAR = {2021},
     PAGES = {171--218},
      ISSN = {0075-4102},
   MRCLASS = {32Q26 (14J45 53C55)},
  MRNUMBER = {4308614},
       DOI = {10.1515/crelle-2021-0017},
       URL = {https://doi.org/10.1515/crelle-2021-0017},
}
		

@article {Zhangc0,
    AUTHOR = {Zhang, Kewei},
     TITLE = {Some refinements of the partial {$C^{0}$} estimate},
   JOURNAL = {Anal. PDE},
  FJOURNAL = {Analysis \& PDE},
    VOLUME = {14},
      YEAR = {2021},
    NUMBER = {7},
     PAGES = {2307--2326},
      ISSN = {2157-5045},
   MRCLASS = {32A25 (32Q15 53E30)},
  MRNUMBER = {4353572},
MRREVIEWER = {Mohammed El A\"{\i}di},
       DOI = {10.2140/apde.2021.14.2307},
       URL = {https://doi.org/10.2140/apde.2021.14.2307},
}

@article {Dar15,
    AUTHOR = {Darvas, Tam\'{a}s},
     TITLE = {The {M}abuchi geometry of finite energy classes},
   JOURNAL = {Adv. Math.},
  FJOURNAL = {Advances in Mathematics},
    VOLUME = {285},
      YEAR = {2015},
     PAGES = {182--219},
      ISSN = {0001-8708},
   MRCLASS = {53C55 (32U05 32W20 53C60)},
  MRNUMBER = {3406499},
MRREVIEWER = {Kai Zheng},
       DOI = {10.1016/j.aim.2015.08.005},
       URL = {https://doi.org/10.1016/j.aim.2015.08.005},
}

@article {Li22,
    AUTHOR = {Li, Chi},
     TITLE = {{$G$}-uniform stability and {K}\"{a}hler-{E}instein metrics on
              {F}ano varieties},
   JOURNAL = {Invent. Math.},
  FJOURNAL = {Inventiones Mathematicae},
    VOLUME = {227},
      YEAR = {2022},
    NUMBER = {2},
     PAGES = {661--744},
      ISSN = {0020-9910},
   MRCLASS = {14J45},
  MRNUMBER = {4372222},
       DOI = {10.1007/s00222-021-01075-9},
       URL = {https://doi.org/10.1007/s00222-021-01075-9},
}
	
@article {FM21,
    AUTHOR = {Fujino, Osamu and Matsumura, Shin-ichi},
     TITLE = {Injectivity theorem for pseudo-effective line bundles and its
              applications},
   JOURNAL = {Trans. Amer. Math. Soc. Ser. B},
  FJOURNAL = {Transactions of the American Mathematical Society. Series B},
    VOLUME = {8},
      YEAR = {2021},
     PAGES = {849--884},
   MRCLASS = {32L10},
  MRNUMBER = {4324359},
       DOI = {10.1090/btran/86},
       URL = {https://doi.org/10.1090/btran/86},
}
	
	
@article {GR70,
    AUTHOR = {Grauert, Hans and Riemenschneider, Oswald},
     TITLE = {Verschwindungss\"{a}tze f\"{u}r analytische {K}ohomologiegruppen auf
              komplexen {R}\"{a}umen},
   JOURNAL = {Invent. Math.},
  FJOURNAL = {Inventiones Mathematicae},
    VOLUME = {11},
      YEAR = {1970},
     PAGES = {263--292},
      ISSN = {0020-9910},
   MRCLASS = {32C35 (32L10)},
  MRNUMBER = {302938},
MRREVIEWER = {H. B. Laufer},
       DOI = {10.1007/BF01403182},
       URL = {https://doi.org/10.1007/BF01403182},
}


@article {KST18,
    AUTHOR = {Kerz, Moritz and Strunk, Florian and Tamme, Georg},
     TITLE = {Algebraic {$K$}-theory and descent for blow-ups},
   JOURNAL = {Invent. Math.},
  FJOURNAL = {Inventiones Mathematicae},
    VOLUME = {211},
      YEAR = {2018},
    NUMBER = {2},
     PAGES = {523--577},
      ISSN = {0020-9910},
   MRCLASS = {14C35 (19D35)},
  MRNUMBER = {3748313},
MRREVIEWER = {Christoph Winges},
       DOI = {10.1007/s00222-017-0752-2},
       URL = {https://doi.org/10.1007/s00222-017-0752-2},
}
		

@article {FN80,
    AUTHOR = {Forn\ae ss, John Erik and Narasimhan, Raghavan},
     TITLE = {The {L}evi problem on complex spaces with singularities},
   JOURNAL = {Math. Ann.},
  FJOURNAL = {Mathematische Annalen},
    VOLUME = {248},
      YEAR = {1980},
    NUMBER = {1},
     PAGES = {47--72},
      ISSN = {0025-5831},
   MRCLASS = {32E10},
  MRNUMBER = {569410},
MRREVIEWER = {Peter Pflug},
       DOI = {10.1007/BF01349254},
       URL = {https://doi.org/10.1007/BF01349254},
}

@article {CGZ13,
    AUTHOR = {Coman, Dan and Guedj, Vincent and Zeriahi, Ahmed},
     TITLE = {Extension of plurisubharmonic functions with growth control},
   JOURNAL = {J. Reine Angew. Math.},
  FJOURNAL = {Journal f\"{u}r die Reine und Angewandte Mathematik. [Crelle's
              Journal]},
    VOLUME = {676},
      YEAR = {2013},
     PAGES = {33--49},
      ISSN = {0075-4102},
   MRCLASS = {32U05 (32D15)},
  MRNUMBER = {3028754},
MRREVIEWER = {A. Yu. Rashkovski\u{\i}},
       DOI = {10.1515/crelle.2011.185},
       URL = {https://doi.org/10.1515/crelle.2011.185},
}

@article {CPW17,
    AUTHOR = {Choi, Sung Rak and Park, Jinhyung and Won, Joonyeong},
     TITLE = {Okounkov bodies associated to pseudoeffective divisors {II}},
   JOURNAL = {Taiwanese J. Math.},
  FJOURNAL = {Taiwanese Journal of Mathematics},
    VOLUME = {21},
      YEAR = {2017},
    NUMBER = {3},
     PAGES = {601--620},
      ISSN = {1027-5487},
   MRCLASS = {14C20},
  MRNUMBER = {3661383},
MRREVIEWER = {Kyusik Hong},
       DOI = {10.11650/tjm/8097},
       URL = {https://doi.org/10.11650/tjm/8097},
}

@article {CPW18,
    AUTHOR = {Choi, Sung Rak and Hyun, Yoonsuk and Park, Jinhyung and Won,
              Joonyeong},
     TITLE = {Okounkov bodies associated to pseudoeffective divisors},
   JOURNAL = {J. Lond. Math. Soc. (2)},
  FJOURNAL = {Journal of the London Mathematical Society. Second Series},
    VOLUME = {97},
      YEAR = {2018},
    NUMBER = {2},
     PAGES = {170--195},
      ISSN = {0024-6107},
   MRCLASS = {14C20},
  MRNUMBER = {3789843},
MRREVIEWER = {Kyusik Hong},
       DOI = {10.1112/jlms.12107},
       URL = {https://doi.org/10.1112/jlms.12107},
}
	
@article {KK12,
    AUTHOR = {Kaveh, Kiumars and Khovanskii, A. G.},
     TITLE = {Newton-{O}kounkov bodies, semigroups of integral points,
              graded algebras and intersection theory},
   JOURNAL = {Ann. of Math. (2)},
  FJOURNAL = {Annals of Mathematics. Second Series},
    VOLUME = {176},
      YEAR = {2012},
    NUMBER = {2},
     PAGES = {925--978},
      ISSN = {0003-486X},
   MRCLASS = {52C07 (14M25 20M14 52B20)},
  MRNUMBER = {2950767},
MRREVIEWER = {Alexander A. Borisov},
       DOI = {10.4007/annals.2012.176.2.5},
       URL = {https://doi.org/10.4007/annals.2012.176.2.5},
}
	

@article {Vu20,
    AUTHOR = {Vu, Duc-Viet},
     TITLE = {Relative non-pluripolar product of currents},
   JOURNAL = {Ann. Global Anal. Geom.},
  FJOURNAL = {Annals of Global Analysis and Geometry},
    VOLUME = {60},
      YEAR = {2021},
    NUMBER = {2},
     PAGES = {269--311},
      ISSN = {0232-704X},
   MRCLASS = {32U40 (32Q15 32U15 32U20 32U25)},
  MRNUMBER = {4291612},
MRREVIEWER = {James J. Heffers},
       DOI = {10.1007/s10455-021-09780-7},
       URL = {https://doi.org/10.1007/s10455-021-09780-7},
}
	
@article {KK10,
    AUTHOR = {Kaveh, Kiumars and Khovanskii, A. G.},
     TITLE = {Mixed volume and an extension of intersection theory of
              divisors},
   JOURNAL = {Mosc. Math. J.},
  FJOURNAL = {Moscow Mathematical Journal},
    VOLUME = {10},
      YEAR = {2010},
    NUMBER = {2},
     PAGES = {343--375, 479},
      ISSN = {1609-3321},
   MRCLASS = {14C20 (14E05 52A39)},
  MRNUMBER = {2722802},
MRREVIEWER = {Joaquim Ro\'{e}},
       DOI = {10.17323/1609-4514-2010-10-2-343-375},
       URL = {https://doi.org/10.17323/1609-4514-2010-10-2-343-375},
}
		


@article {Kin71,
    AUTHOR = {King, James R.},
     TITLE = {The currents defined by analytic varieties},
   JOURNAL = {Acta Math.},
  FJOURNAL = {Acta Mathematica},
    VOLUME = {127},
      YEAR = {1971},
    NUMBER = {3-4},
     PAGES = {185--220},
      ISSN = {0001-5962},
   MRCLASS = {32C30},
  MRNUMBER = {393550},
MRREVIEWER = {B. Shiffman},
       DOI = {10.1007/BF02392053},
       URL = {https://doi.org/10.1007/BF02392053},
}

@article {Mou04,
    AUTHOR = {Mourougane, Christophe},
     TITLE = {Computations of {B}ott-{C}hern classes on {${\mathbb P}(E)$}},
   JOURNAL = {Duke Math. J.},
  FJOURNAL = {Duke Mathematical Journal},
    VOLUME = {124},
      YEAR = {2004},
    NUMBER = {2},
     PAGES = {389--420},
      ISSN = {0012-7094},
   MRCLASS = {32L05 (14G40 53C55)},
  MRNUMBER = {2079253},
MRREVIEWER = {Harry Tamvakis},
       DOI = {10.1215/S0012-7094-04-12425-X},
       URL = {https://doi.org/10.1215/S0012-7094-04-12425-X},
}


@article {Jow10,
    AUTHOR = {Jow, Shin-Yao},
     TITLE = {Okounkov bodies and restricted volumes along very general
              curves},
   JOURNAL = {Adv. Math.},
  FJOURNAL = {Advances in Mathematics},
    VOLUME = {223},
      YEAR = {2010},
    NUMBER = {4},
     PAGES = {1356--1371},
      ISSN = {0001-8708},
   MRCLASS = {14C20},
  MRNUMBER = {2581374},
MRREVIEWER = {Antonio Lanteri},
       DOI = {10.1016/j.aim.2009.09.015},
       URL = {https://doi.org/10.1016/j.aim.2009.09.015},
}

@article {BGGJKM20,
    AUTHOR = {Burgos Gil, Jos\'{e} Ignacio and Gubler, Walter and Jell, Philipp
              and K\"{u}nnemann, Klaus and Martin, Florent},
     TITLE = {Differentiability of non-archimedean volumes and
              non-archimedean {M}onge-{A}mp\`ere equations},
      NOTE = {With an appendix by Robert Lazarsfeld},
   JOURNAL = {Algebr. Geom.},
  FJOURNAL = {Algebraic Geometry},
    VOLUME = {7},
      YEAR = {2020},
    NUMBER = {2},
     PAGES = {113--152},
      ISSN = {2313-1691},
   MRCLASS = {32P05 (14C20 14G22 32W20)},
  MRNUMBER = {4061325},
MRREVIEWER = {Mattias Jonsson},
       DOI = {10.14231/ag-2020-005},
       URL = {https://doi.org/10.14231/ag-2020-005},
}

@article {Dem85,
    AUTHOR = {Demailly, Jean-Pierre},
     TITLE = {Mesures de {M}onge-{A}mp\`ere et caract\'{e}risation g\'{e}om\'{e}trique des
              vari\'{e}t\'{e}s alg\'{e}briques affines},
   JOURNAL = {M\'{e}m. Soc. Math. France (N.S.)},
  FJOURNAL = {M\'{e}moires de la Soci\'{e}t\'{e} Math\'{e}matique de France. Nouvelle S\'{e}rie},
    NUMBER = {19},
      YEAR = {1985},
     PAGES = {124},
      ISSN = {0037-9484},
   MRCLASS = {32H35 (32C10 32F05)},
  MRNUMBER = {813252},
MRREVIEWER = {G. M. Khenkin},
}

@article {DX22,
    AUTHOR = {Darvas, Tam\'{a}s and Xia, Mingchen},
     TITLE = {The closures of test configurations and algebraic singularity
              types},
   JOURNAL = {Adv. Math.},
  FJOURNAL = {Advances in Mathematics},
    VOLUME = {397},
      YEAR = {2022},
     PAGES = {Paper No. 108198, 56},
      ISSN = {0001-8708},
   MRCLASS = {32W20 (32U05 53C55)},
  MRNUMBER = {4366232},
       DOI = {10.1016/j.aim.2022.108198},
       URL = {https://doi.org/10.1016/j.aim.2022.108198},
}


@article {LM09,
    AUTHOR = {Lazarsfeld, Robert and Musta\c{t}\u{a}, Mircea},
     TITLE = {Convex bodies associated to linear series},
   JOURNAL = {Ann. Sci. \'{E}c. Norm. Sup\'{e}r. (4)},
  FJOURNAL = {Annales Scientifiques de l'\'{E}cole Normale Sup\'{e}rieure. Quatri\`eme
              S\'{e}rie},
    VOLUME = {42},
      YEAR = {2009},
    NUMBER = {5},
     PAGES = {783--835},
      ISSN = {0012-9593},
   MRCLASS = {14C20 (14E05)},
  MRNUMBER = {2571958},
MRREVIEWER = {Zach Teitler},
       DOI = {10.24033/asens.2109},
       URL = {https://doi.org/10.24033/asens.2109},
}

@article {Lip69,
    AUTHOR = {Lipman, Joseph},
     TITLE = {On the {J}acobian ideal of the module of differentials},
   JOURNAL = {Proc. Amer. Math. Soc.},
  FJOURNAL = {Proceedings of the American Mathematical Society},
    VOLUME = {21},
      YEAR = {1969},
     PAGES = {422--426},
      ISSN = {0002-9939},
   MRCLASS = {14.52},
  MRNUMBER = {237511},
MRREVIEWER = {Ernst Kunz},
       DOI = {10.2307/2037018},
       URL = {https://doi.org/10.2307/2037018},
}

@article {DS07,
    AUTHOR = {Dinh, Tien-Cuong and Sibony, Nessim},
     TITLE = {Pull-back of currents by holomorphic maps},
   JOURNAL = {Manuscripta Math.},
  FJOURNAL = {Manuscripta Mathematica},
    VOLUME = {123},
      YEAR = {2007},
    NUMBER = {3},
     PAGES = {357--371},
      ISSN = {0025-2611},
   MRCLASS = {32U40 (32H02)},
  MRNUMBER = {2314090},
MRREVIEWER = {Ma\l gorzata Stawiska},
       DOI = {10.1007/s00229-007-0103-5},
       URL = {https://doi.org/10.1007/s00229-007-0103-5},
}

@article {BDL20,
    AUTHOR = {Berman, Robert J. and Darvas, Tam\'{a}s and Lu, Chinh H.},
     TITLE = {Regularity of weak minimizers of the {$K$}-energy and
              applications to properness and {$K$}-stability},
   JOURNAL = {Ann. Sci. \'{E}c. Norm. Sup\'{e}r. (4)},
  FJOURNAL = {Annales Scientifiques de l'\'{E}cole Normale Sup\'{e}rieure. Quatri\`eme
              S\'{e}rie},
    VOLUME = {53},
      YEAR = {2020},
    NUMBER = {2},
     PAGES = {267--289},
      ISSN = {0012-9593},
   MRCLASS = {32Q26 (32Q15 53C55)},
  MRNUMBER = {4094559},
       DOI = {10.24033/asens.2422},
       URL = {https://doi.org/10.24033/asens.2422},
}




@article {LSY13,
    AUTHOR = {Liu, Kefeng and Sun, Xiaofeng and Yang, Xiaokui},
     TITLE = {Positivity and vanishing theorems for ample vector bundles},
   JOURNAL = {J. Algebraic Geom.},
  FJOURNAL = {Journal of Algebraic Geometry},
    VOLUME = {22},
      YEAR = {2013},
    NUMBER = {2},
     PAGES = {303--331},
      ISSN = {1056-3911},
   MRCLASS = {14J60 (32J25 32L05 32L15 32L20)},
  MRNUMBER = {3019451},
MRREVIEWER = {Richard P. Thomas},
       DOI = {10.1090/S1056-3911-2012-00588-8},
       URL = {https://doi.org/10.1090/S1056-3911-2012-00588-8},
}
	

@article {Bern09,
    AUTHOR = {Berndtsson, Bo},
     TITLE = {Curvature of vector bundles associated to holomorphic
              fibrations},
   JOURNAL = {Ann. of Math. (2)},
  FJOURNAL = {Annals of Mathematics. Second Series},
    VOLUME = {169},
      YEAR = {2009},
    NUMBER = {2},
     PAGES = {531--560},
      ISSN = {0003-486X},
   MRCLASS = {32L05 (32A36 32L15)},
  MRNUMBER = {2480611},
MRREVIEWER = {Bianca Santoro},
       DOI = {10.4007/annals.2009.169.531},
       URL = {https://doi.org/10.4007/annals.2009.169.531},
}
	

@article {Bernd15,
    AUTHOR = {Berndtsson, Bo},
     TITLE = {A {B}runn-{M}inkowski type inequality for {F}ano manifolds and
              some uniqueness theorems in {K}\"{a}hler geometry},
   JOURNAL = {Invent. Math.},
  FJOURNAL = {Inventiones Mathematicae},
    VOLUME = {200},
      YEAR = {2015},
    NUMBER = {1},
     PAGES = {149--200},
      ISSN = {0020-9910},
   MRCLASS = {53C55 (32Q20 53C25)},
  MRNUMBER = {3323577},
MRREVIEWER = {Vincent Guedj},
       DOI = {10.1007/s00222-014-0532-1},
       URL = {https://doi.org/10.1007/s00222-014-0532-1},
}


@article {Bern20,
    AUTHOR = {Berndtsson, Bo},
     TITLE = {Lelong numbers and vector bundles},
   JOURNAL = {J. Geom. Anal.},
  FJOURNAL = {Journal of Geometric Analysis},
    VOLUME = {30},
      YEAR = {2020},
    NUMBER = {3},
     PAGES = {2361--2376},
      ISSN = {1050-6926},
   MRCLASS = {32E05 (32L05 32U25)},
  MRNUMBER = {4105121},
MRREVIEWER = {James J. Heffers},
       DOI = {10.1007/s12220-017-9873-5},
       URL = {https://doi.org/10.1007/s12220-017-9873-5},
}

@article {BP08,
    AUTHOR = {Berndtsson, Bo and P\u{a}un, Mihai},
     TITLE = {Bergman kernels and the pseudoeffectivity of relative
              canonical bundles},
   JOURNAL = {Duke Math. J.},
  FJOURNAL = {Duke Mathematical Journal},
    VOLUME = {145},
      YEAR = {2008},
    NUMBER = {2},
     PAGES = {341--378},
      ISSN = {0012-7094},
   MRCLASS = {32L15 (14J40)},
  MRNUMBER = {2449950},
MRREVIEWER = {James McKernan},
       DOI = {10.1215/00127094-2008-054},
       URL = {https://doi.org/10.1215/00127094-2008-054},
}

@article {Od13,
    AUTHOR = {Odaka, Yuji},
     TITLE = {The {GIT} stability of polarized varieties via discrepancy},
   JOURNAL = {Ann. of Math. (2)},
  FJOURNAL = {Annals of Mathematics. Second Series},
    VOLUME = {177},
      YEAR = {2013},
    NUMBER = {2},
     PAGES = {645--661},
      ISSN = {0003-486X},
   MRCLASS = {14C20 (14J17 14L24 32Q26)},
  MRNUMBER = {3010808},
MRREVIEWER = {Daniel Greb},
       DOI = {10.4007/annals.2013.177.2.6},
       URL = {https://doi.org/10.4007/annals.2013.177.2.6},
}

@article {Od13b,
    AUTHOR = {Odaka, Yuji},
     TITLE = {A generalization of the {R}oss-{T}homas slope theory},
   JOURNAL = {Osaka J. Math.},
  FJOURNAL = {Osaka Journal of Mathematics},
    VOLUME = {50},
      YEAR = {2013},
    NUMBER = {1},
     PAGES = {171--185},
      ISSN = {0030-6126},
   MRCLASS = {14L24 (32Q15 32Q26)},
  MRNUMBER = {3080636},
MRREVIEWER = {Daniel Greb},
       URL = {http://projecteuclid.org/euclid.ojm/1364390425},
}

@article {DLR20,
    AUTHOR = {Darvas, Tam\'{a}s and Lu, Chinh H. and Rubinstein, Yanir A.},
     TITLE = {Quantization in geometric pluripotential theory},
   JOURNAL = {Comm. Pure Appl. Math.},
  FJOURNAL = {Communications on Pure and Applied Mathematics},
    VOLUME = {73},
      YEAR = {2020},
    NUMBER = {5},
     PAGES = {1100--1138},
      ISSN = {0010-3640},
   MRCLASS = {32U99 (32Q15 53C55 53C60 53D50)},
  MRNUMBER = {4078714},
MRREVIEWER = {Marcin Sroka},
       DOI = {10.1002/cpa.21857},
       URL = {https://doi.org/10.1002/cpa.21857},
}


@article {GR56,
    AUTHOR = {Grauert, Hans and Remmert, Reinhold},
     TITLE = {Plurisubharmonische {F}unktionen in komplexen {R}\"{a}umen},
   JOURNAL = {Math. Z.},
  FJOURNAL = {Mathematische Zeitschrift},
    VOLUME = {65},
      YEAR = {1956},
     PAGES = {175--194},
      ISSN = {0025-5874},
   MRCLASS = {27.5X},
  MRNUMBER = {81960},
MRREVIEWER = {H. J. Bremermann},
       DOI = {10.1007/BF01473877},
       URL = {https://doi.org/10.1007/BF01473877},
}

@article {Sz16,
    AUTHOR = {Sz\'{e}kelyhidi, G\'{a}bor},
     TITLE = {The partial {$C^0$}-estimate along the continuity method},
   JOURNAL = {J. Amer. Math. Soc.},
  FJOURNAL = {Journal of the American Mathematical Society},
    VOLUME = {29},
      YEAR = {2016},
    NUMBER = {2},
     PAGES = {537--560},
      ISSN = {0894-0347},
   MRCLASS = {53C55 (53C23)},
  MRNUMBER = {3454382},
MRREVIEWER = {Stuart James Hall},
       DOI = {10.1090/jams/833},
       URL = {https://doi.org/10.1090/jams/833},
}


@article {FKL16,
    AUTHOR = {Fulger, Mihai and Koll\'{a}r, J\'{a}nos and Lehmann, Brian},
     TITLE = {Volume and {H}ilbert function of {$\mathbb R$}-divisors},
   JOURNAL = {Michigan Math. J.},
  FJOURNAL = {Michigan Mathematical Journal},
    VOLUME = {65},
      YEAR = {2016},
    NUMBER = {2},
     PAGES = {371--387},
      ISSN = {0026-2285},
   MRCLASS = {14C20},
  MRNUMBER = {3510912},
MRREVIEWER = {Montserrat Teixidor i Bigas},
       DOI = {10.1307/mmj/1465329018},
       URL = {https://doi.org/10.1307/mmj/1465329018},
}

@article {Lu21,
    AUTHOR = {Lu, Chinh H.},
     TITLE = {Comparison of {M}onge-{A}mp\`ere capacities},
   JOURNAL = {Ann. Polon. Math.},
  FJOURNAL = {Annales Polonici Mathematici},
    VOLUME = {126},
      YEAR = {2021},
    NUMBER = {1},
     PAGES = {31--53},
      ISSN = {0066-2216},
   MRCLASS = {32W20 (32Q15 32U05)},
  MRNUMBER = {4241178},
MRREVIEWER = {Zafar Sh. Ibragimov},
       DOI = {10.4064/ap200513-2-1},
       URL = {https://doi.org/10.4064/ap200513-2-1},
}


@article {BP19,
    AUTHOR = {Brosnan, Patrick and Pearlstein, Gregory},
     TITLE = {Jumps in the {A}rchimedean height},
   JOURNAL = {Duke Math. J.},
  FJOURNAL = {Duke Mathematical Journal},
    VOLUME = {168},
      YEAR = {2019},
    NUMBER = {10},
     PAGES = {1737--1842},
      ISSN = {0012-7094},
   MRCLASS = {14C30 (14D07)},
  MRNUMBER = {3983292},
MRREVIEWER = {Javier A. Fern\'{a}ndez},
       DOI = {10.1215/00127094-2018-0056},
       URL = {https://doi.org/10.1215/00127094-2018-0056},
}
	

@article {Bou04,
    AUTHOR = {Boucksom, S\'{e}bastien},
     TITLE = {Divisorial {Z}ariski decompositions on compact complex
              manifolds},
   JOURNAL = {Ann. Sci. \'{E}cole Norm. Sup. (4)},
  FJOURNAL = {Annales Scientifiques de l'\'{E}cole Normale Sup\'{e}rieure. Quatri\`eme
              S\'{e}rie},
    VOLUME = {37},
      YEAR = {2004},
    NUMBER = {1},
     PAGES = {45--76},
      ISSN = {0012-9593},
   MRCLASS = {32J18 (32C30)},
  MRNUMBER = {2050205},
MRREVIEWER = {Adam Gregory Harris},
       DOI = {10.1016/j.ansens.2003.04.002},
       URL = {https://doi.org/10.1016/j.ansens.2003.04.002},
}


@article {Aub84,
    AUTHOR = {Aubin, Thierry},
     TITLE = {R\'{e}duction du cas positif de l'\'{e}quation de {M}onge-{A}mp\`ere sur
              les vari\'{e}t\'{e}s k\"{a}hl\'{e}riennes compactes \`a la d\'{e}monstration d'une
              in\'{e}galit\'{e}},
   JOURNAL = {J. Funct. Anal.},
  FJOURNAL = {Journal of Functional Analysis},
    VOLUME = {57},
      YEAR = {1984},
    NUMBER = {2},
     PAGES = {143--153},
      ISSN = {0022-1236},
   MRCLASS = {58G30 (53C55)},
  MRNUMBER = {749521},
MRREVIEWER = {J. L. Kazdan},
       DOI = {10.1016/0022-1236(84)90093-4},
       URL = {https://doi.org/10.1016/0022-1236(84)90093-4},
}
	

@article {KK14,
    AUTHOR = {Kaveh, Kiumars and Khovanskii, A. G.},
     TITLE = {Note on the {G}rothendieck group of subspaces of rational
              functions and {S}hokurov's {C}artier {$b$}-divisors},
   JOURNAL = {Canad. Math. Bull.},
  FJOURNAL = {Canadian Mathematical Bulletin. Bulletin Canadien de
              Math\'{e}matiques},
    VOLUME = {57},
      YEAR = {2014},
    NUMBER = {3},
     PAGES = {562--572},
      ISSN = {0008-4395},
   MRCLASS = {14C20 (14C35 14E05)},
  MRNUMBER = {3239119},
MRREVIEWER = {Halszka Tutaj-Gasi\'{n}ska},
       DOI = {10.4153/CMB-2013-039-6},
       URL = {https://doi.org/10.4153/CMB-2013-039-6},
}
	
@article {Tos12,
    AUTHOR = {Tosatti, Valentino},
     TITLE = {Blowup behavior of the {K}\"{a}hler-{R}icci flow on {F}ano
              manifolds},
   JOURNAL = {Univ. Iagel. Acta Math.},
  FJOURNAL = {Universitatis Iagellonicae. Acta Mathematica},
    NUMBER = {50, [2012 on articles]},
      YEAR = {2013},
     PAGES = {117--126},
      ISSN = {0083-4386},
      ISBN = {978-83-233-3648-8},
   MRCLASS = {53C44 (32Q15 32Q20)},
  MRNUMBER = {3235007},
MRREVIEWER = {Meng Zhu},
}

@article {Tian87,
    AUTHOR = {Tian, Gang},
     TITLE = {On {K}\"{a}hler-{E}instein metrics on certain {K}\"{a}hler manifolds
              with {$C_1(M)>0$}},
   JOURNAL = {Invent. Math.},
  FJOURNAL = {Inventiones Mathematicae},
    VOLUME = {89},
      YEAR = {1987},
    NUMBER = {2},
     PAGES = {225--246},
      ISSN = {0020-9910},
   MRCLASS = {53C25 (32C10 53C55 58E20)},
  MRNUMBER = {894378},
MRREVIEWER = {M. Kalka},
       DOI = {10.1007/BF01389077},
       URL = {https://doi.org/10.1007/BF01389077},
}




@article {Siu88,
    AUTHOR = {Siu, Yum Tong},
     TITLE = {The existence of {K}\"{a}hler-{E}instein metrics on manifolds with
              positive anticanonical line bundle and a suitable finite
              symmetry group},
   JOURNAL = {Ann. of Math. (2)},
  FJOURNAL = {Annals of Mathematics. Second Series},
    VOLUME = {127},
      YEAR = {1988},
    NUMBER = {3},
     PAGES = {585--627},
      ISSN = {0003-486X},
   MRCLASS = {58E11 (32J99 32L15 53C55)},
  MRNUMBER = {942521},
MRREVIEWER = {Akito Futaki},
       DOI = {10.2307/2007006},
       URL = {https://doi.org/10.2307/2007006},
}

@article {BE21,
    AUTHOR = {Boucksom, S\'{e}bastien and Eriksson, Dennis},
     TITLE = {Spaces of norms, determinant of cohomology and {F}ekete points
              in non-{A}rchimedean geometry},
   JOURNAL = {Adv. Math.},
  FJOURNAL = {Advances in Mathematics},
    VOLUME = {378},
      YEAR = {2021},
     PAGES = {Paper No. 107501, 124},
      ISSN = {0001-8708},
   MRCLASS = {32P05 (14G22 31C15)},
  MRNUMBER = {4192993},
MRREVIEWER = {Mattias Jonsson},
       DOI = {10.1016/j.aim.2020.107501},
       URL = {https://doi.org/10.1016/j.aim.2020.107501},
}

@article {BDPP13,
    AUTHOR = {Boucksom, S\'{e}bastien and Demailly, Jean-Pierre and P\u{a}un, Mihai
              and Peternell, Thomas},
     TITLE = {The pseudo-effective cone of a compact {K}\"{a}hler manifold and
              varieties of negative {K}odaira dimension},
   JOURNAL = {J. Algebraic Geom.},
  FJOURNAL = {Journal of Algebraic Geometry},
    VOLUME = {22},
      YEAR = {2013},
    NUMBER = {2},
     PAGES = {201--248},
      ISSN = {1056-3911},
   MRCLASS = {14E99 (32J18 32L05 53C26)},
  MRNUMBER = {3019449},
MRREVIEWER = {Thomas Eckl},
       DOI = {10.1090/S1056-3911-2012-00574-8},
       URL = {https://doi.org/10.1090/S1056-3911-2012-00574-8},
}

@article {Sz11,
    AUTHOR = {Sz\'{e}kelyhidi, G\'{a}bor},
     TITLE = {Greatest lower bounds on the {R}icci curvature of {F}ano
              manifolds},
   JOURNAL = {Compos. Math.},
  FJOURNAL = {Compositio Mathematica},
    VOLUME = {147},
      YEAR = {2011},
    NUMBER = {1},
     PAGES = {319--331},
      ISSN = {0010-437X},
   MRCLASS = {32Q20 (53C25)},
  MRNUMBER = {2771134},
MRREVIEWER = {Ahmed Lesfari},
       DOI = {10.1112/S0010437X10004938},
       URL = {https://doi.org/10.1112/S0010437X10004938},
}

@article {McCT19,
    AUTHOR = {McCleerey, Nicholas and Tosatti, Valentino},
     TITLE = {Pluricomplex {G}reen's functions and {F}ano manifolds},
   JOURNAL = {\'{E}pijournal G\'{e}om. Alg\'{e}brique},
  FJOURNAL = {\'{E}pijournal de G\'{e}om\'{e}trie Alg\'{e}brique. EPIGA},
    VOLUME = {3},
      YEAR = {2019},
     PAGES = {Art. 9, 15},
   MRCLASS = {32W20 (14J45 32Q20 32U15 32U35 53C55)},
  MRNUMBER = {3978396},
MRREVIEWER = {S\l awomir Dinew},
       DOI = {10.46298/epiga.2019.volume3.4706},
       URL = {https://doi.org/10.46298/epiga.2019.volume3.4706},
}

@article {DS20,
    AUTHOR = {Dervan, Ruadha\'{\i} and Sz\'{e}kelyhidi, G\'{a}bor},
     TITLE = {The {K}\"{a}hler-{R}icci flow and optimal degenerations},
   JOURNAL = {J. Differential Geom.},
  FJOURNAL = {Journal of Differential Geometry},
    VOLUME = {116},
      YEAR = {2020},
    NUMBER = {1},
     PAGES = {187--203},
      ISSN = {0022-040X},
   MRCLASS = {53E30 (53C55)},
  MRNUMBER = {4146359},
MRREVIEWER = {Frederick Tsz-Ho Fong},
       DOI = {10.4310/jdg/1599271255},
       URL = {https://doi.org/10.4310/jdg/1599271255},
}


@article {RS05,
    AUTHOR = {Rashkovskii, Alexander and Sigurdsson, Ragnar},
     TITLE = {Green functions with singularities along complex spaces},
   JOURNAL = {Internat. J. Math.},
  FJOURNAL = {International Journal of Mathematics},
    VOLUME = {16},
      YEAR = {2005},
    NUMBER = {4},
     PAGES = {333--355},
      ISSN = {0129-167X},
   MRCLASS = {32U35},
  MRNUMBER = {2133260},
MRREVIEWER = {Armen Edigarian},
       DOI = {10.1142/S0129167X05002904},
       URL = {https://doi.org/10.1142/S0129167X05002904},
}
	

@article {PS10,
    AUTHOR = {Phong, D. H. and Sturm, Jacob},
     TITLE = {Regularity of geodesic rays and {M}onge-{A}mp\`ere equations},
   JOURNAL = {Proc. Amer. Math. Soc.},
  FJOURNAL = {Proceedings of the American Mathematical Society},
    VOLUME = {138},
      YEAR = {2010},
    NUMBER = {10},
     PAGES = {3637--3650},
      ISSN = {0002-9939},
   MRCLASS = {32L10 (31C10 32Q15 32W20)},
  MRNUMBER = {2661562},
MRREVIEWER = {S\l awomir Dinew},
       DOI = {10.1090/S0002-9939-10-10371-2},
       URL = {https://doi.org/10.1090/S0002-9939-10-10371-2},
}
	

@article {KP08,
    AUTHOR = {Kirk, W. A. and Panyanak, B.},
     TITLE = {A concept of convergence in geodesic spaces},
   JOURNAL = {Nonlinear Anal.},
  FJOURNAL = {Nonlinear Analysis. Theory, Methods \& Applications. An
              International Multidisciplinary Journal},
    VOLUME = {68},
      YEAR = {2008},
    NUMBER = {12},
     PAGES = {3689--3696},
      ISSN = {0362-546X},
   MRCLASS = {54H25 (47H10 54E40)},
  MRNUMBER = {2416076},
MRREVIEWER = {Jes\'{u}s Garc\'{\i}a-Falset},
       DOI = {10.1016/j.na.2007.04.011},
       URL = {https://doi.org/10.1016/j.na.2007.04.011},
}



@article {BHLLX21,
    AUTHOR = {Blum, Harold and Halpern-Leistner, Daniel and Liu, Yuchen and
              Xu, Chenyang},
     TITLE = {On properness of {K}-moduli spaces and optimal degenerations
              of {F}ano varieties},
   JOURNAL = {Selecta Math. (N.S.)},
  FJOURNAL = {Selecta Mathematica. New Series},
    VOLUME = {27},
      YEAR = {2021},
    NUMBER = {4},
     PAGES = {Paper No. 73, 39},
      ISSN = {1022-1824},
   MRCLASS = {14J45 (14D23)},
  MRNUMBER = {4292783},
MRREVIEWER = {Kenta Hashizume},
       DOI = {10.1007/s00029-021-00694-7},
       URL = {https://doi.org/10.1007/s00029-021-00694-7},
}

@article {DDNLmetric,
    AUTHOR = {Darvas, Tam\'{a}s and Di Nezza, Eleonora and Lu, Hoang-Chinh},
     TITLE = {The metric geometry of singularity types},
   JOURNAL = {J. Reine Angew. Math.},
  FJOURNAL = {Journal f\"{u}r die Reine und Angewandte Mathematik. [Crelle's
              Journal]},
    VOLUME = {771},
      YEAR = {2021},
     PAGES = {137--170},
      ISSN = {0075-4102},
   MRCLASS = {32U05 (32W20 53C55)},
  MRNUMBER = {4234098},
MRREVIEWER = {S\l awomir Dinew},
       DOI = {10.1515/crelle-2020-0019},
       URL = {https://doi.org/10.1515/crelle-2020-0019},
}


@article {Nad89,
    AUTHOR = {Nadel, Alan Michael},
     TITLE = {Multiplier ideal sheaves and {K}\"{a}hler-{E}instein metrics of
              positive scalar curvature},
   JOURNAL = {Ann. of Math. (2)},
  FJOURNAL = {Annals of Mathematics. Second Series},
    VOLUME = {132},
      YEAR = {1990},
    NUMBER = {3},
     PAGES = {549--596},
      ISSN = {0003-486X},
   MRCLASS = {32L07 (32F07 53C25 53C55)},
  MRNUMBER = {1078269},
MRREVIEWER = {Yuri Bozhkov},
       DOI = {10.2307/1971429},
       URL = {https://doi.org/10.2307/1971429},
}

@article {Dem85b,
    AUTHOR = {Demailly, Jean-Pierre},
     TITLE = {Champs magn\'{e}tiques et in\'{e}galit\'{e}s de {M}orse pour la
              {$d''$}-cohomologie},
   JOURNAL = {Ann. Inst. Fourier (Grenoble)},
  FJOURNAL = {Universit\'{e} de Grenoble. Annales de l'Institut Fourier},
    VOLUME = {35},
      YEAR = {1985},
    NUMBER = {4},
     PAGES = {189--229},
      ISSN = {0373-0956},
   MRCLASS = {58G25 (32J25 58E05)},
  MRNUMBER = {812325},
MRREVIEWER = {N. J. Hitchin},
       URL = {http://www.numdam.org/item?id=AIF_1985__35_4_189_0},
}
	
	

@article {DL20,
    AUTHOR = {Darvas, Tam\'{a}s and Lu, Chinh H.},
     TITLE = {Geodesic stability, the space of rays and uniform convexity in
              {M}abuchi geometry},
   JOURNAL = {Geom. Topol.},
  FJOURNAL = {Geometry \& Topology},
    VOLUME = {24},
      YEAR = {2020},
    NUMBER = {4},
     PAGES = {1907--1967},
      ISSN = {1465-3060},
   MRCLASS = {32Q26 (32U05 53C55)},
  MRNUMBER = {4173924},
MRREVIEWER = {Kai Zheng},
       DOI = {10.2140/gt.2020.24.1907},
       URL = {https://doi.org/10.2140/gt.2020.24.1907},
}

@article {Str14,
    AUTHOR = {Streets, Jeffrey},
     TITLE = {Long time existence of minimizing movement solutions of
              {C}alabi flow},
   JOURNAL = {Adv. Math.},
  FJOURNAL = {Advances in Mathematics},
    VOLUME = {259},
      YEAR = {2014},
     PAGES = {688--729},
      ISSN = {0001-8708},
   MRCLASS = {53C55 (32Q15 53C44)},
  MRNUMBER = {3197669},
MRREVIEWER = {Shijin Zhang},
       DOI = {10.1016/j.aim.2014.03.027},
       URL = {https://doi.org/10.1016/j.aim.2014.03.027},
}


@article {WN19,
    AUTHOR = {Witt Nystr\"{o}m, David},
     TITLE = {Monotonicity of non-pluripolar {M}onge-{A}mp\`ere masses},
   JOURNAL = {Indiana Univ. Math. J.},
  FJOURNAL = {Indiana University Mathematics Journal},
    VOLUME = {68},
      YEAR = {2019},
    NUMBER = {2},
     PAGES = {579--591},
      ISSN = {0022-2518},
   MRCLASS = {32W20 (32Q15 32U05 35J96)},
  MRNUMBER = {3951074},
MRREVIEWER = {Rafa\l  Czy\.{z}},
       DOI = {10.1512/iumj.2019.68.7630},
       URL = {https://doi.org/10.1512/iumj.2019.68.7630},
}
	


@article {FO18,
    AUTHOR = {Fujita, Kento and Odaka, Yuji},
     TITLE = {On the {K}-stability of {F}ano varieties and anticanonical
              divisors},
   JOURNAL = {Tohoku Math. J. (2)},
  FJOURNAL = {The Tohoku Mathematical Journal. Second Series},
    VOLUME = {70},
      YEAR = {2018},
    NUMBER = {4},
     PAGES = {511--521},
      ISSN = {0040-8735},
   MRCLASS = {14J45 (32Q26 53C55)},
  MRNUMBER = {3896135},
MRREVIEWER = {Andreas H\"{o}ring},
       DOI = {10.2748/tmj/1546570823},
       URL = {https://doi.org/10.2748/tmj/1546570823},
}

@article {BJ20,
    AUTHOR = {Blum, Harold and Jonsson, Mattias},
     TITLE = {Thresholds, valuations, and {K}-stability},
   JOURNAL = {Adv. Math.},
  FJOURNAL = {Advances in Mathematics},
    VOLUME = {365},
      YEAR = {2020},
     PAGES = {107062, 57},
      ISSN = {0001-8708},
   MRCLASS = {14C20 (14M25)},
  MRNUMBER = {4067358},
MRREVIEWER = {Chenyang Xu},
       DOI = {10.1016/j.aim.2020.107062},
       URL = {https://doi.org/10.1016/j.aim.2020.107062},
}




@article {Bam18,
    AUTHOR = {Bamler, Richard},
     TITLE = {Convergence of {R}icci flows with bounded scalar curvature},
   JOURNAL = {Ann. of Math. (2)},
  FJOURNAL = {Annals of Mathematics. Second Series},
    VOLUME = {188},
      YEAR = {2018},
    NUMBER = {3},
     PAGES = {753--831},
      ISSN = {0003-486X},
   MRCLASS = {53C44 (53C23 53C56)},
  MRNUMBER = {3866886},
MRREVIEWER = {Chih-Wei Chen},
       DOI = {10.4007/annals.2018.188.3.2},
       URL = {https://doi.org/10.4007/annals.2018.188.3.2},
}
		

@article {LS20,
    AUTHOR = {Liu, Gang and Sz\'{e}kelyhidi, G\'{a}bor},
     TITLE = {Gromov-{H}ausdorff limits of {K}\"{a}hler manifolds with {R}icci
              curvature bounded below {II}},
   JOURNAL = {Comm. Pure Appl. Math.},
  FJOURNAL = {Communications on Pure and Applied Mathematics},
    VOLUME = {74},
      YEAR = {2021},
    NUMBER = {5},
     PAGES = {909--931},
      ISSN = {0010-3640},
   MRCLASS = {53C55 (53C21)},
  MRNUMBER = {4230063},
       DOI = {10.1002/cpa.21900},
       URL = {https://doi.org/10.1002/cpa.21900},
}

@article {CW20,
    AUTHOR = {Chen, Xiuxiong and Wang, Bing},
     TITLE = {Space of {R}icci flows ({II})---{P}art {B}: {W}eak compactness
              of the flows},
   JOURNAL = {J. Differential Geom.},
  FJOURNAL = {Journal of Differential Geometry},
    VOLUME = {116},
      YEAR = {2020},
    NUMBER = {1},
     PAGES = {1--123},
      ISSN = {0022-040X},
   MRCLASS = {53E30 (53C25 53C55 58D27)},
  MRNUMBER = {4146357},
MRREVIEWER = {Dmitri\u{\i} Vladimir Alekseevsky},
       DOI = {10.4310/jdg/1599271253},
       URL = {https://doi.org/10.4310/jdg/1599271253},
}

@article {BCHM10,
    AUTHOR = {Birkar, Caucher and Cascini, Paolo and Hacon, Christopher D.
              and McKernan, James},
     TITLE = {Existence of minimal models for varieties of log general type},
   JOURNAL = {J. Amer. Math. Soc.},
  FJOURNAL = {Journal of the American Mathematical Society},
    VOLUME = {23},
      YEAR = {2010},
    NUMBER = {2},
     PAGES = {405--468},
      ISSN = {0894-0347},
   MRCLASS = {14E30 (14E05)},
  MRNUMBER = {2601039},
MRREVIEWER = {Mark Gross},
       DOI = {10.1090/S0894-0347-09-00649-3},
       URL = {https://doi.org/10.1090/S0894-0347-09-00649-3},
}
	

@article {BBJ21,
    AUTHOR = {Berman, Robert J. and Boucksom, S\'{e}bastien and Jonsson,
              Mattias},
     TITLE = {A variational approach to the {Y}au-{T}ian-{D}onaldson
              conjecture},
   JOURNAL = {J. Amer. Math. Soc.},
  FJOURNAL = {Journal of the American Mathematical Society},
    VOLUME = {34},
      YEAR = {2021},
    NUMBER = {3},
     PAGES = {605--652},
      ISSN = {0894-0347},
   MRCLASS = {32Q20 (14E30 32P05 32Q26 32U35)},
  MRNUMBER = {4334189},
       DOI = {10.1090/jams/964},
       URL = {https://doi.org/10.1090/jams/964},
}


@article {BT76,
    AUTHOR = {Bedford, Eric and Taylor, B. A.},
     TITLE = {The {D}irichlet problem for a complex {M}onge-{A}mp\`ere
              equation},
   JOURNAL = {Invent. Math.},
  FJOURNAL = {Inventiones Mathematicae},
    VOLUME = {37},
      YEAR = {1976},
    NUMBER = {1},
     PAGES = {1--44},
      ISSN = {0020-9910},
   MRCLASS = {32F05},
  MRNUMBER = {445006},
MRREVIEWER = {Jacques Vauthier},
       DOI = {10.1007/BF01418826},
       URL = {https://doi.org/10.1007/BF01418826},
}
	
@article {ACGTF08,
    AUTHOR = {Apostolov, Vestislav and Calderbank, David M. J. and
              Gauduchon, Paul and T\o nnesen-Friedman, Christina W.},
     TITLE = {Hamiltonian 2-forms in {K}\"{a}hler geometry. {III}. {E}xtremal
              metrics and stability},
   JOURNAL = {Invent. Math.},
  FJOURNAL = {Inventiones Mathematicae},
    VOLUME = {173},
      YEAR = {2008},
    NUMBER = {3},
     PAGES = {547--601},
      ISSN = {0020-9910},
   MRCLASS = {32Q15 (14L24 32J27 53C55 53D20 58E11)},
  MRNUMBER = {2425136},
MRREVIEWER = {Andrew Swann},
       DOI = {10.1007/s00222-008-0126-x},
       URL = {https://doi.org/10.1007/s00222-008-0126-x},
}

@article {Str16,
    AUTHOR = {Streets, Jeffrey},
     TITLE = {The consistency and convergence of {$K$}-energy minimizing
              movements},
   JOURNAL = {Trans. Amer. Math. Soc.},
  FJOURNAL = {Transactions of the American Mathematical Society},
    VOLUME = {368},
      YEAR = {2016},
    NUMBER = {7},
     PAGES = {5075--5091},
      ISSN = {0002-9947},
   MRCLASS = {53C44},
  MRNUMBER = {3456172},
MRREVIEWER = {Kai Zheng},
       DOI = {10.1090/tran/6508},
       URL = {https://doi.org/10.1090/tran/6508},
}


@article {He15,
    AUTHOR = {He, Weiyong},
     TITLE = {On the convergence of the {C}alabi flow},
   JOURNAL = {Proc. Amer. Math. Soc.},
  FJOURNAL = {Proceedings of the American Mathematical Society},
    VOLUME = {143},
      YEAR = {2015},
    NUMBER = {3},
     PAGES = {1273--1281},
      ISSN = {0002-9939},
   MRCLASS = {53C44 (35K55 53C55)},
  MRNUMBER = {3293741},
MRREVIEWER = {Chengjie Yu},
       DOI = {10.1090/S0002-9939-2014-12318-5},
       URL = {https://doi.org/10.1090/S0002-9939-2014-12318-5},
}

@article {CL06,
    AUTHOR = {Chambert-Loir, Antoine},
     TITLE = {Mesures et \'{e}quidistribution sur les espaces de {B}erkovich},
   JOURNAL = {J. Reine Angew. Math.},
  FJOURNAL = {Journal f\"{u}r die Reine und Angewandte Mathematik. [Crelle's
              Journal]},
    VOLUME = {595},
      YEAR = {2006},
     PAGES = {215--235},
      ISSN = {0075-4102},
   MRCLASS = {14G40 (14G25)},
  MRNUMBER = {2244803},
       DOI = {10.1515/CRELLE.2006.049},
       URL = {https://doi.org/10.1515/CRELLE.2006.049},
}
	
@article {BHJ17,
    AUTHOR = {Boucksom, S\'{e}bastien and Hisamoto, Tomoyuki and Jonsson,
              Mattias},
     TITLE = {Uniform {K}-stability, {D}uistermaat-{H}eckman measures and
              singularities of pairs},
   JOURNAL = {Ann. Inst. Fourier (Grenoble)},
  FJOURNAL = {Universit\'{e} de Grenoble. Annales de l'Institut Fourier},
    VOLUME = {67},
      YEAR = {2017},
    NUMBER = {2},
     PAGES = {743--841},
      ISSN = {0373-0956},
   MRCLASS = {32Q26 (14E30 14G22)},
  MRNUMBER = {3669511},
MRREVIEWER = {Yuji Odaka},
       URL = {http://aif.cedram.org/item?id=AIF_2017__67_2_743_0},
}
		


@article {Da15,
    AUTHOR = {Darvas, Tam\'{a}s},
     TITLE = {The {M}abuchi geometry of finite energy classes},
   JOURNAL = {Adv. Math.},
  FJOURNAL = {Advances in Mathematics},
    VOLUME = {285},
      YEAR = {2015},
     PAGES = {182--219},
      ISSN = {0001-8708},
   MRCLASS = {53C55 (32U05 32W20 53C60)},
  MRNUMBER = {3406499},
MRREVIEWER = {Kai Zheng},
       DOI = {10.1016/j.aim.2015.08.005},
       URL = {https://doi.org/10.1016/j.aim.2015.08.005},
}
	

@article {DNGL21,
    AUTHOR = {Di Nezza, Eleonora and Guedj, Vincent and Lu, Chinh H.},
     TITLE = {Finite entropy vs finite energy},
   JOURNAL = {Comment. Math. Helv.},
  FJOURNAL = {Commentarii Mathematici Helvetici. A Journal of the Swiss
              Mathematical Society},
    VOLUME = {96},
      YEAR = {2021},
    NUMBER = {2},
     PAGES = {389--419},
      ISSN = {0010-2571},
   MRCLASS = {32W20 (32Q15 32U05 35A23)},
  MRNUMBER = {4277276},
       DOI = {10.4171/cmh/515},
       URL = {https://doi.org/10.4171/cmh/515},
}

@article {Der16,
    AUTHOR = {Dervan, Ruadha\'{\i}},
     TITLE = {Uniform stability of twisted constant scalar curvature
              {K}\"{a}hler metrics},
   JOURNAL = {Int. Math. Res. Not. IMRN},
  FJOURNAL = {International Mathematics Research Notices. IMRN},
      YEAR = {2016},
    NUMBER = {15},
     PAGES = {4728--4783},
      ISSN = {1073-7928},
   MRCLASS = {32Q26 (32Q15 53C55)},
  MRNUMBER = {3564626},
MRREVIEWER = {Eleonora Di Nezza},
       DOI = {10.1093/imrn/rnv291},
       URL = {https://doi.org/10.1093/imrn/rnv291},
}
		
@article {Bon98,
    AUTHOR = {Bonavero, Laurent},
     TITLE = {In\'{e}galit\'{e}s de morse holomorphes singuli\`eres},
   JOURNAL = {J. Geom. Anal.},
  FJOURNAL = {The Journal of Geometric Analysis},
    VOLUME = {8},
      YEAR = {1998},
    NUMBER = {3},
     PAGES = {409--425},
      ISSN = {1050-6926},
   MRCLASS = {32L10 (32C30 32L20)},
  MRNUMBER = {1707735},
MRREVIEWER = {Laurent Manivel},
       DOI = {10.1007/BF02921793},
       URL = {https://doi.org/10.1007/BF02921793},
}
	

@article {Kim10,
    AUTHOR = {Kim, Dano},
     TITLE = {{$L^2$} extension of adjoint line bundle sections},
   JOURNAL = {Ann. Inst. Fourier (Grenoble)},
  FJOURNAL = {Universit\'{e} de Grenoble. Annales de l'Institut Fourier},
    VOLUME = {60},
      YEAR = {2010},
    NUMBER = {4},
     PAGES = {1435--1477},
      ISSN = {0373-0956},
   MRCLASS = {32L10 (14E30 32D15 32J25)},
  MRNUMBER = {2722247},
MRREVIEWER = {Julien Keller},
       URL = {http://aif.cedram.org/item?id=AIF_2010__60_4_1435_0},
}
	

@article {Kim15,
    AUTHOR = {Kim, Dano},
     TITLE = {Equivalence of plurisubharmonic singularities and {S}iu-type
              metrics},
   JOURNAL = {Monatsh. Math.},
  FJOURNAL = {Monatshefte f\"{u}r Mathematik},
    VOLUME = {178},
      YEAR = {2015},
    NUMBER = {1},
     PAGES = {85--95},
      ISSN = {0026-9255},
   MRCLASS = {32U05 (14F18)},
  MRNUMBER = {3384891},
MRREVIEWER = {Ragnar Sigurdsson},
       DOI = {10.1007/s00605-015-0742-7},
       URL = {https://doi.org/10.1007/s00605-015-0742-7},
}
	


@article {Zhang10,
    AUTHOR = {Zhang, Zhenlei},
     TITLE = {K\"{a}hler {R}icci flow on {F}ano manifolds with vanished {F}utaki
              invariants},
   JOURNAL = {Math. Res. Lett.},
  FJOURNAL = {Mathematical Research Letters},
    VOLUME = {18},
      YEAR = {2011},
    NUMBER = {5},
     PAGES = {969--982},
      ISSN = {1073-2780},
   MRCLASS = {53C21 (32Q15 53C25 53C44)},
  MRNUMBER = {2875869},
MRREVIEWER = {Shouwen Fang},
       DOI = {10.4310/MRL.2011.v18.n5.a14},
       URL = {https://doi.org/10.4310/MRL.2011.v18.n5.a14},
}

@article {Zhang21,
    AUTHOR = {Zhang, Kewei},
     TITLE = {Continuity of delta invariants and twisted {K}\"{a}hler-{E}instein
              metrics},
   JOURNAL = {Adv. Math.},
  FJOURNAL = {Advances in Mathematics},
    VOLUME = {388},
      YEAR = {2021},
     PAGES = {Paper No. 107888, 25},
      ISSN = {0001-8708},
   MRCLASS = {53C55 (14C20 53C25)},
  MRNUMBER = {4288212},
       DOI = {10.1016/j.aim.2021.107888},
       URL = {https://doi.org/10.1016/j.aim.2021.107888},
}

@article {BBEGZ16,
    AUTHOR = {Berman, Robert J. and Boucksom, Sebastien and Eyssidieux,
              Philippe and Guedj, Vincent and Zeriahi, Ahmed},
     TITLE = {K\"{a}hler-{E}instein metrics and the {K}\"{a}hler-{R}icci flow on log
              {F}ano varieties},
   JOURNAL = {J. Reine Angew. Math.},
  FJOURNAL = {Journal f\"{u}r die Reine und Angewandte Mathematik. [Crelle's
              Journal]},
    VOLUME = {751},
      YEAR = {2019},
     PAGES = {27--89},
      ISSN = {0075-4102},
   MRCLASS = {53C55 (53C25 53C44)},
  MRNUMBER = {3956691},
MRREVIEWER = {Kai Zheng},
       DOI = {10.1515/crelle-2016-0033},
       URL = {https://doi.org/10.1515/crelle-2016-0033},
}

@article {JM12,
    AUTHOR = {Jonsson, Mattias and Musta\c{t}\u{a}, Mircea},
     TITLE = {Valuations and asymptotic invariants for sequences of ideals},
   JOURNAL = {Ann. Inst. Fourier (Grenoble)},
  FJOURNAL = {Universit\'{e} de Grenoble. Annales de l'Institut Fourier},
    VOLUME = {62},
      YEAR = {2012},
    NUMBER = {6},
     PAGES = {2145--2209 (2013)},
      ISSN = {0373-0956},
   MRCLASS = {14F18 (12J20 14B05)},
  MRNUMBER = {3060755},
MRREVIEWER = {Carlos Galindo},
       DOI = {10.5802/aif.2746},
       URL = {https://doi.org/10.5802/aif.2746},
}
	
@article {DR16,
    AUTHOR = {Darvas, Tam\'{a}s and Rubinstein, Yanir A.},
     TITLE = {Kiselman's principle, the {D}irichlet problem for the
              {M}onge-{A}mp\`ere equation, and rooftop obstacle problems},
   JOURNAL = {J. Math. Soc. Japan},
  FJOURNAL = {Journal of the Mathematical Society of Japan},
    VOLUME = {68},
      YEAR = {2016},
    NUMBER = {2},
     PAGES = {773--796},
      ISSN = {0025-5645},
   MRCLASS = {32W20 (32U05 53C55)},
  MRNUMBER = {3488145},
MRREVIEWER = {S\l awomir Ko\l odziej},
       DOI = {10.2969/jmsj/06820773},
       URL = {https://doi.org/10.2969/jmsj/06820773},
}
	

@article {RWN14,
    AUTHOR = {Ross, Julius and Witt Nystr\"{o}m, David},
     TITLE = {Analytic test configurations and geodesic rays},
   JOURNAL = {J. Symplectic Geom.},
  FJOURNAL = {The Journal of Symplectic Geometry},
    VOLUME = {12},
      YEAR = {2014},
    NUMBER = {1},
     PAGES = {125--169},
      ISSN = {1527-5256},
   MRCLASS = {32L05 (32U05)},
  MRNUMBER = {3194078},
MRREVIEWER = {Bianca Santoro},
       DOI = {10.4310/JSG.2014.v12.n1.a5},
       URL = {https://doi.org/10.4310/JSG.2014.v12.n1.a5},
}

@article {RWN17,
    AUTHOR = {Ross, Julius and Nystr\"{o}m, David Witt},
     TITLE = {Envelopes of positive metrics with prescribed singularities},
   JOURNAL = {Ann. Fac. Sci. Toulouse Math. (6)},
  FJOURNAL = {Annales de la Facult\'{e} des Sciences de Toulouse. Math\'{e}matiques.
              S\'{e}rie 6},
    VOLUME = {26},
      YEAR = {2017},
    NUMBER = {3},
     PAGES = {687--728},
      ISSN = {0240-2963},
   MRCLASS = {32Q15 (32A25 32W20 53C21)},
  MRNUMBER = {3669969},
MRREVIEWER = {S\l awomir Ko\l odziej},
       DOI = {10.5802/afst.1549},
       URL = {https://doi.org/10.5802/afst.1549},
}

@article {BFiM14,
    AUTHOR = {Berman, Robert J. and Freixas i Montplet, Gerard},
     TITLE = {An arithmetic {H}ilbert-{S}amuel theorem for singular
              hermitian line bundles and cusp forms},
   JOURNAL = {Compos. Math.},
  FJOURNAL = {Compositio Mathematica},
    VOLUME = {150},
      YEAR = {2014},
    NUMBER = {10},
     PAGES = {1703--1728},
      ISSN = {0010-437X},
   MRCLASS = {14G40 (14G35 32L05 32W20)},
  MRNUMBER = {3269464},
MRREVIEWER = {Rolf Berndt},
       DOI = {10.1112/S0010437X14007325},
       URL = {https://doi.org/10.1112/S0010437X14007325},
}


@article {RoSi17,
    AUTHOR = {Ross, Julius and Singer, Michael},
     TITLE = {Asymptotics of partial density functions for divisors},
   JOURNAL = {J. Geom. Anal.},
  FJOURNAL = {Journal of Geometric Analysis},
    VOLUME = {27},
      YEAR = {2017},
    NUMBER = {3},
     PAGES = {1803--1854},
      ISSN = {1050-6926},
   MRCLASS = {32Q15 (32A25)},
  MRNUMBER = {3667411},
MRREVIEWER = {Zhiwei Wang},
       DOI = {10.1007/s12220-016-9741-8},
       URL = {https://doi.org/10.1007/s12220-016-9741-8},
}
	
@article {Dyr16,
    AUTHOR = {Sj\"{o}str\"{o}m Dyrefelt, Zakarias},
     TITLE = {K-semistability of csc{K} manifolds with transcendental
              cohomology class},
   JOURNAL = {J. Geom. Anal.},
  FJOURNAL = {Journal of Geometric Analysis},
    VOLUME = {28},
      YEAR = {2018},
    NUMBER = {4},
     PAGES = {2927--2960},
      ISSN = {1050-6926},
   MRCLASS = {32Q26 (14D06 14F43 32Q15 53C56)},
  MRNUMBER = {3881961},
MRREVIEWER = {Jian Xiao},
       DOI = {10.1007/s12220-017-9942-9},
       URL = {https://doi.org/10.1007/s12220-017-9942-9},
}

@article {PS07,
    AUTHOR = {Phong, Duong H. and Sturm, Jacob},
     TITLE = {Test configurations for {K}-stability and geodesic rays},
   JOURNAL = {J. Symplectic Geom.},
  FJOURNAL = {The Journal of Symplectic Geometry},
    VOLUME = {5},
      YEAR = {2007},
    NUMBER = {2},
     PAGES = {221--247},
      ISSN = {1527-5256},
   MRCLASS = {32Q15 (32L10 32W20 58E11)},
  MRNUMBER = {2377252},
MRREVIEWER = {Julien Keller},
       URL = {http://projecteuclid.org/euclid.jsg/1202004456},
}
	

@article {Bo02,
    AUTHOR = {Boucksom, S\'{e}bastien},
     TITLE = {On the volume of a line bundle},
   JOURNAL = {Internat. J. Math.},
  FJOURNAL = {International Journal of Mathematics},
    VOLUME = {13},
      YEAR = {2002},
    NUMBER = {10},
     PAGES = {1043--1063},
      ISSN = {0129-167X},
   MRCLASS = {32J25 (32J27 32W20)},
  MRNUMBER = {1945706},
MRREVIEWER = {Adam Gregory Harris},
       DOI = {10.1142/S0129167X02001575},
       URL = {https://doi.org/10.1142/S0129167X02001575},
}
		


@article {Lu00,
    AUTHOR = {Lu, Zhiqin},
     TITLE = {On the lower order terms of the asymptotic expansion of
              {T}ian-{Y}au-{Z}elditch},
   JOURNAL = {Amer. J. Math.},
  FJOURNAL = {American Journal of Mathematics},
    VOLUME = {122},
      YEAR = {2000},
    NUMBER = {2},
     PAGES = {235--273},
      ISSN = {0002-9327},
   MRCLASS = {32L10 (32Q15 58J37)},
  MRNUMBER = {1749048},
MRREVIEWER = {Thierry Bouche},
       URL =
              {http://muse.jhu.edu/journals/american_journal_of_mathematics/v122/122.2lu.pdf},
}

@article {His16,
    AUTHOR = {Hisamoto, Tomoyuki},
     TITLE = {On the limit of spectral measures associated to a test
              configuration of a polarized {K}\"{a}hler manifold},
   JOURNAL = {J. Reine Angew. Math.},
  FJOURNAL = {Journal f\"{u}r die Reine und Angewandte Mathematik. [Crelle's
              Journal]},
    VOLUME = {713},
      YEAR = {2016},
     PAGES = {129--148},
      ISSN = {0075-4102},
   MRCLASS = {32W20 (32Q15)},
  MRNUMBER = {3483627},
MRREVIEWER = {Vamsi Pritham Pingali},
       DOI = {10.1515/crelle-2014-0021},
       URL = {https://doi.org/10.1515/crelle-2014-0021},
}
	
@article {DKS06,
    AUTHOR = {Dhompongsa, S. and Kirk, W. A. and Sims, Brailey},
     TITLE = {Fixed points of uniformly {L}ipschitzian mappings},
   JOURNAL = {Nonlinear Anal.},
  FJOURNAL = {Nonlinear Analysis. Theory, Methods \& Applications. An
              International Multidisciplinary Journal},
    VOLUME = {65},
      YEAR = {2006},
    NUMBER = {4},
     PAGES = {762--772},
      ISSN = {0362-546X},
   MRCLASS = {54H25 (47H09 47H10 54E40)},
  MRNUMBER = {2232680},
       DOI = {10.1016/j.na.2005.09.044},
       URL = {https://doi.org/10.1016/j.na.2005.09.044},
}

@article {RT07,
    AUTHOR = {Ross, Julius and Thomas, Richard},
     TITLE = {A study of the {H}ilbert-{M}umford criterion for the stability
              of projective varieties},
   JOURNAL = {J. Algebraic Geom.},
  FJOURNAL = {Journal of Algebraic Geometry},
    VOLUME = {16},
      YEAR = {2007},
    NUMBER = {2},
     PAGES = {201--255},
      ISSN = {1056-3911},
   MRCLASS = {14L24 (14L30 32L10 32Q20 53C25)},
  MRNUMBER = {2274514},
MRREVIEWER = {Julien Keller},
       DOI = {10.1090/S1056-3911-06-00461-9},
       URL = {https://doi.org/10.1090/S1056-3911-06-00461-9},
}
	
@article {Sze08,
    AUTHOR = {Sz\'{e}kelyhidi, G\'{a}bor},
     TITLE = {Optimal test-configurations for toric varieties},
   JOURNAL = {J. Differential Geom.},
  FJOURNAL = {Journal of Differential Geometry},
    VOLUME = {80},
      YEAR = {2008},
    NUMBER = {3},
     PAGES = {501--523},
      ISSN = {0022-040X},
   MRCLASS = {53C44 (32Q20)},
  MRNUMBER = {2472481},
MRREVIEWER = {Julius Ross},
       URL = {http://projecteuclid.org/euclid.jdg/1226090485},
}

@article {May98,
    AUTHOR = {Mayer, Uwe F.},
     TITLE = {Gradient flows on nonpositively curved metric spaces and
              harmonic maps},
   JOURNAL = {Comm. Anal. Geom.},
  FJOURNAL = {Communications in Analysis and Geometry},
    VOLUME = {6},
      YEAR = {1998},
    NUMBER = {2},
     PAGES = {199--253},
      ISSN = {1019-8385},
   MRCLASS = {58E20 (53C21)},
  MRNUMBER = {1651416},
MRREVIEWER = {Raul Quiroga-Barranco},
       DOI = {10.4310/CAG.1998.v6.n2.a1},
       URL = {https://doi.org/10.4310/CAG.1998.v6.n2.a1},
}

@article {CTW17,
    AUTHOR = {Chu, Jianchun and Tosatti, Valentino and Weinkove, Ben},
     TITLE = {On the {$C^{1,1}$} regularity of geodesics in the space of
              {K}\"{a}hler metrics},
   JOURNAL = {Ann. PDE},
  FJOURNAL = {Annals of PDE. Journal Dedicated to the Analysis of Problems
              from Physical Sciences},
    VOLUME = {3},
      YEAR = {2017},
    NUMBER = {2},
     PAGES = {Paper No. 15, 12},
      ISSN = {2524-5317},
   MRCLASS = {32Q15 (32W20 53C22 58D17)},
  MRNUMBER = {3695402},
MRREVIEWER = {Bianca Santoro},
       DOI = {10.1007/s40818-017-0034-8},
       URL = {https://doi.org/10.1007/s40818-017-0034-8},
}
	

@article {BK07,
    AUTHOR = {B\l ocki, Zbigniew and Ko\l odziej, S\l awomir},
     TITLE = {On regularization of plurisubharmonic functions on manifolds},
   JOURNAL = {Proc. Amer. Math. Soc.},
  FJOURNAL = {Proceedings of the American Mathematical Society},
    VOLUME = {135},
      YEAR = {2007},
    NUMBER = {7},
     PAGES = {2089--2093},
      ISSN = {0002-9939},
   MRCLASS = {32U05 (32U25)},
  MRNUMBER = {2299485},
MRREVIEWER = {Norman Levenberg},
       DOI = {10.1090/S0002-9939-07-08858-2},
       URL = {https://doi.org/10.1090/S0002-9939-07-08858-2},
}


@article {Dar17,
    AUTHOR = {Darvas, Tam\'{a}s},
     TITLE = {The {M}abuchi completion of the space of {K}\"{a}hler potentials},
   JOURNAL = {Amer. J. Math.},
  FJOURNAL = {American Journal of Mathematics},
    VOLUME = {139},
      YEAR = {2017},
    NUMBER = {5},
     PAGES = {1275--1313},
      ISSN = {0002-9327},
   MRCLASS = {32Q15 (32U05 32W20 53C55)},
  MRNUMBER = {3702499},
MRREVIEWER = {A. Yu. Rashkovski\u{\i}},
       DOI = {10.1353/ajm.2017.0032},
       URL = {https://doi.org/10.1353/ajm.2017.0032},
}


@article {CTW18,
    AUTHOR = {Chu, Jianchun and Tosatti, Valentino and Weinkove, Ben},
     TITLE = {{$C^{1,1}$} regularity for degenerate complex {M}onge-{A}mp\`ere
              equations and geodesic rays},
   JOURNAL = {Comm. Partial Differential Equations},
  FJOURNAL = {Communications in Partial Differential Equations},
    VOLUME = {43},
      YEAR = {2018},
    NUMBER = {2},
     PAGES = {292--312},
      ISSN = {0360-5302},
   MRCLASS = {32Q15 (32W20 35J96 53C55)},
  MRNUMBER = {3777876},
MRREVIEWER = {Vamsi Pritham Pingali},
       DOI = {10.1080/03605302.2018.1446167},
       URL = {https://doi.org/10.1080/03605302.2018.1446167},
}

@article {DDNL19log,
    AUTHOR = {Darvas, Tam\'{a}s and Di Nezza, Eleonora and Lu, Chinh H.},
     TITLE = {Log-concavity of volume and complex {M}onge-{A}mp\`ere equations
              with prescribed singularity},
   JOURNAL = {Math. Ann.},
  FJOURNAL = {Mathematische Annalen},
    VOLUME = {379},
      YEAR = {2021},
    NUMBER = {1-2},
     PAGES = {95--132},
      ISSN = {0025-5831},
   MRCLASS = {32W20 (32Q15 32U40 52A20 53C55)},
  MRNUMBER = {4211083},
MRREVIEWER = {Rafa\l  Czy\.{z}},
       DOI = {10.1007/s00208-019-01936-y},
       URL = {https://doi.org/10.1007/s00208-019-01936-y},
}

@article {CZ19,
    AUTHOR = {Chu, Jianchun and Zhou, Bin},
     TITLE = {Optimal regularity of plurisubharmonic envelopes on compact
              {H}ermitian manifolds},
   JOURNAL = {Sci. China Math.},
  FJOURNAL = {Science China. Mathematics},
    VOLUME = {62},
      YEAR = {2019},
    NUMBER = {2},
     PAGES = {371--380},
      ISSN = {1674-7283},
   MRCLASS = {32W20 (32U05)},
  MRNUMBER = {3915068},
MRREVIEWER = {Rafa\l  Czy\.{z}},
       DOI = {10.1007/s11425-017-9173-0},
       URL = {https://doi.org/10.1007/s11425-017-9173-0},
}

@article {DNL19,
    AUTHOR = {Di Nezza, Eleonora and Lu, Chinh H.},
     TITLE = {{$L^p$} metric geometry of big and nef cohomology classes},
   JOURNAL = {Acta Math. Vietnam.},
  FJOURNAL = {Acta Mathematica Vietnamica},
    VOLUME = {45},
      YEAR = {2020},
    NUMBER = {1},
     PAGES = {53--69},
      ISSN = {0251-4184},
   MRCLASS = {53C55 (32Q15 32W20 53C25)},
  MRNUMBER = {4081364},
MRREVIEWER = {Daniel Greb},
       DOI = {10.1007/s40306-019-00343-4},
       URL = {https://doi.org/10.1007/s40306-019-00343-4},
}

@article {DH17,
    AUTHOR = {Darvas, Tam\'{a}s and He, Weiyong},
     TITLE = {Geodesic rays and {K}\"{a}hler-{R}icci trajectories on {F}ano
              manifolds},
   JOURNAL = {Trans. Amer. Math. Soc.},
  FJOURNAL = {Transactions of the American Mathematical Society},
    VOLUME = {369},
      YEAR = {2017},
    NUMBER = {7},
     PAGES = {5069--5085},
      ISSN = {0002-9947},
   MRCLASS = {53C55 (32Q15 32U05 32W20 58D27)},
  MRNUMBER = {3632560},
MRREVIEWER = {Julius Ross},
       DOI = {10.1090/tran/6878},
       URL = {https://doi.org/10.1090/tran/6878},
}
	

@article {RS84,
    AUTHOR = {Riebesehl, Dieter and Schulz, Friedmar},
     TITLE = {A priori estimates and a {L}iouville theorem for complex
              {M}onge-{A}mp\`ere equations},
   JOURNAL = {Math. Z.},
  FJOURNAL = {Mathematische Zeitschrift},
    VOLUME = {186},
      YEAR = {1984},
    NUMBER = {1},
     PAGES = {57--66},
      ISSN = {0025-5874},
   MRCLASS = {32F05 (35B45 35J60)},
  MRNUMBER = {735051},
MRREVIEWER = {Giorgio Patrizio},
       DOI = {10.1007/BF01215491},
       URL = {https://doi.org/10.1007/BF01215491},
}
	
@article {CW16,
    AUTHOR = {Chen, Xiuxiong and Wang, Yuanqi},
     TITLE = {{$C^{2,\alpha}$}-estimate for {M}onge-{A}mp\`ere equations with
              {H}\"{o}lder-continuous right hand side},
   JOURNAL = {Ann. Global Anal. Geom.},
  FJOURNAL = {Annals of Global Analysis and Geometry},
    VOLUME = {49},
      YEAR = {2016},
    NUMBER = {2},
     PAGES = {195--204},
      ISSN = {0232-704X},
   MRCLASS = {58J05 (32W20)},
  MRNUMBER = {3464220},
MRREVIEWER = {Asma Hassannezhad},
       DOI = {10.1007/s10455-015-9487-8},
       URL = {https://doi.org/10.1007/s10455-015-9487-8},
}

@article {TWWY15,
    AUTHOR = {Tosatti, Valentino and Wang, Yu and Weinkove, Ben and Yang,
              Xiaokui},
     TITLE = {{$C^{2,\alpha}$} estimates for nonlinear elliptic equations in
              complex and almost complex geometry},
   JOURNAL = {Calc. Var. Partial Differential Equations},
  FJOURNAL = {Calculus of Variations and Partial Differential Equations},
    VOLUME = {54},
      YEAR = {2015},
    NUMBER = {1},
     PAGES = {431--453},
      ISSN = {0944-2669},
   MRCLASS = {32W20 (32Q15 32Q60 35B65 35J60 53C55 58J05)},
  MRNUMBER = {3385166},
MRREVIEWER = {Hans-Joachim Hein},
       DOI = {10.1007/s00526-014-0791-0},
       URL = {https://doi.org/10.1007/s00526-014-0791-0},
}

@article {BB10,
    AUTHOR = {Berman, Robert and Boucksom, S\'{e}bastien},
     TITLE = {Growth of balls of holomorphic sections and energy at
              equilibrium},
   JOURNAL = {Invent. Math.},
  FJOURNAL = {Inventiones Mathematicae},
    VOLUME = {181},
      YEAR = {2010},
    NUMBER = {2},
     PAGES = {337--394},
      ISSN = {0020-9910},
   MRCLASS = {32L05 (32L10 32U15 32W20 58J52)},
  MRNUMBER = {2657428},
MRREVIEWER = {Norman Levenberg},
       DOI = {10.1007/s00222-010-0248-9},
       URL = {https://doi.org/10.1007/s00222-010-0248-9},
}
	

@article {BBWN11,
    AUTHOR = {Berman, Robert and Boucksom, S\'{e}bastien and Witt Nystr\"{o}m,
              David},
     TITLE = {Fekete points and convergence towards equilibrium measures on
              complex manifolds},
   JOURNAL = {Acta Math.},
  FJOURNAL = {Acta Mathematica},
    VOLUME = {207},
      YEAR = {2011},
    NUMBER = {1},
     PAGES = {1--27},
      ISSN = {0001-5962},
   MRCLASS = {32U35 (31C15 32L05)},
  MRNUMBER = {2863909},
MRREVIEWER = {S\l awomir Dinew},
       DOI = {10.1007/s11511-011-0067-x},
       URL = {https://doi.org/10.1007/s11511-011-0067-x},
}
	

@article {Blo03,
    AUTHOR = {B\l ocki, Zbigniew},
     TITLE = {Regularity of the degenerate {M}onge-{A}mp\`ere equation on
              compact {K}\"{a}hler manifolds},
   JOURNAL = {Math. Z.},
  FJOURNAL = {Mathematische Zeitschrift},
    VOLUME = {244},
      YEAR = {2003},
    NUMBER = {1},
     PAGES = {153--161},
      ISSN = {0025-5874},
   MRCLASS = {32W20 (32Q15)},
  MRNUMBER = {1981880},
MRREVIEWER = {Norman Levenberg},
       DOI = {10.1007/s00209-002-0483-x},
       URL = {https://doi.org/10.1007/s00209-002-0483-x},
}


@article {Ch09,
    AUTHOR = {Chen, Xiuxiong},
     TITLE = {Space of {K}\"{a}hler metrics. {III}. {O}n the lower bound of the
              {C}alabi energy and geodesic distance},
   JOURNAL = {Invent. Math.},
  FJOURNAL = {Inventiones Mathematicae},
    VOLUME = {175},
      YEAR = {2009},
    NUMBER = {3},
     PAGES = {453--503},
      ISSN = {0020-9910},
   MRCLASS = {32Q15 (32W20 58D27 58E11)},
  MRNUMBER = {2471594},
MRREVIEWER = {David L. Finn},
       DOI = {10.1007/s00222-008-0153-7},
       URL = {https://doi.org/10.1007/s00222-008-0153-7},
}

@article {Bac13,
    AUTHOR = {Ba\v{c}\'{a}k, Miroslav},
     TITLE = {The proximal point algorithm in metric spaces},
   JOURNAL = {Israel J. Math.},
  FJOURNAL = {Israel Journal of Mathematics},
    VOLUME = {194},
      YEAR = {2013},
    NUMBER = {2},
     PAGES = {689--701},
      ISSN = {0021-2172},
   MRCLASS = {49J53 (90C25)},
  MRNUMBER = {3047087},
MRREVIEWER = {Francisco J. Arag\'{o}n Artacho},
       DOI = {10.1007/s11856-012-0091-3},
       URL = {https://doi.org/10.1007/s11856-012-0091-3},
}


@article {Don05lower,
    AUTHOR = {Donaldson, S. K.},
     TITLE = {Lower bounds on the {C}alabi functional},
   JOURNAL = {J. Differential Geom.},
  FJOURNAL = {Journal of Differential Geometry},
    VOLUME = {70},
      YEAR = {2005},
    NUMBER = {3},
     PAGES = {453--472},
      ISSN = {0022-040X},
   MRCLASS = {32Q15 (53C55)},
  MRNUMBER = {2192937},
MRREVIEWER = {Julius Ross},
       URL = {http://projecteuclid.org/euclid.jdg/1143642909},
}
	

@article {CH08,
    AUTHOR = {Chen, X. X. and He, W. Y.},
     TITLE = {On the {C}alabi flow},
   JOURNAL = {Amer. J. Math.},
  FJOURNAL = {American Journal of Mathematics},
    VOLUME = {130},
      YEAR = {2008},
    NUMBER = {2},
     PAGES = {539--570},
      ISSN = {0002-9327},
   MRCLASS = {53C44 (35K55)},
  MRNUMBER = {2405167},
MRREVIEWER = {Shu-Cheng Chang},
       DOI = {10.1353/ajm.2008.0018},
       URL = {https://doi.org/10.1353/ajm.2008.0018},
}
		


@article {Blo09,
    AUTHOR = {B\l ocki, Zbigniew},
     TITLE = {A gradient estimate in the {C}alabi-{Y}au theorem},
   JOURNAL = {Math. Ann.},
  FJOURNAL = {Mathematische Annalen},
    VOLUME = {344},
      YEAR = {2009},
    NUMBER = {2},
     PAGES = {317--327},
      ISSN = {0025-5831},
   MRCLASS = {32W20 (32Q15 32Q25)},
  MRNUMBER = {2495772},
MRREVIEWER = {Bianca Santoro},
       DOI = {10.1007/s00208-008-0307-3},
       URL = {https://doi.org/10.1007/s00208-008-0307-3},
}

@article {Ra13,
    AUTHOR = {Rashkovskii, Alexander},
     TITLE = {Analytic approximations of plurisubharmonic singularities},
   JOURNAL = {Math. Z.},
  FJOURNAL = {Mathematische Zeitschrift},
    VOLUME = {275},
      YEAR = {2013},
    NUMBER = {3-4},
     PAGES = {1217--1238},
      ISSN = {0025-5874},
   MRCLASS = {32U05 (14B05 32U25 32U35)},
  MRNUMBER = {3127056},
MRREVIEWER = {Mattias Jonsson},
       DOI = {10.1007/s00209-013-1179-0},
       URL = {https://doi.org/10.1007/s00209-013-1179-0},
}

@article {Cao14,
    AUTHOR = {Cao, Junyan},
     TITLE = {Numerical dimension and a {K}awamata-{V}iehweg-{N}adel-type
              vanishing theorem on compact {K}\"{a}hler manifolds},
   JOURNAL = {Compos. Math.},
  FJOURNAL = {Compositio Mathematica},
    VOLUME = {150},
      YEAR = {2014},
    NUMBER = {11},
     PAGES = {1869--1902},
      ISSN = {0010-437X},
   MRCLASS = {32L20 (14C20)},
  MRNUMBER = {3279260},
MRREVIEWER = {Tsz On Mario Chan},
       DOI = {10.1112/S0010437X14007398},
       URL = {https://doi.org/10.1112/S0010437X14007398},
}

@article {DPS01,
    AUTHOR = {Demailly, Jean-Pierre and Peternell, Thomas and Schneider,
              Michael},
     TITLE = {Pseudo-effective line bundles on compact {K}\"{a}hler manifolds},
   JOURNAL = {Internat. J. Math.},
  FJOURNAL = {International Journal of Mathematics},
    VOLUME = {12},
      YEAR = {2001},
    NUMBER = {6},
     PAGES = {689--741},
      ISSN = {0129-167X},
   MRCLASS = {32J27 (32Q15 32Q57)},
  MRNUMBER = {1875649},
MRREVIEWER = {Christophe Mourougane},
       DOI = {10.1142/S0129167X01000861},
       URL = {https://doi.org/10.1142/S0129167X01000861},
}
	
@article {BFJ16,
    AUTHOR = {Boucksom, S\'{e}bastien and Favre, Charles and Jonsson, Mattias},
     TITLE = {Singular semipositive metrics in non-{A}rchimedean geometry},
   JOURNAL = {J. Algebraic Geom.},
  FJOURNAL = {Journal of Algebraic Geometry},
    VOLUME = {25},
      YEAR = {2016},
    NUMBER = {1},
     PAGES = {77--139},
      ISSN = {1056-3911},
   MRCLASS = {14G22},
  MRNUMBER = {3419957},
MRREVIEWER = {Marco A. Garuti},
       DOI = {10.1090/jag/656},
       URL = {https://doi.org/10.1090/jag/656},
}


@article {BFJ08,
    AUTHOR = {Boucksom, S\'{e}bastien and Favre, Charles and Jonsson, Mattias},
     TITLE = {Valuations and plurisubharmonic singularities},
   JOURNAL = {Publ. Res. Inst. Math. Sci.},
  FJOURNAL = {Kyoto University. Research Institute for Mathematical
              Sciences. Publications},
    VOLUME = {44},
      YEAR = {2008},
    NUMBER = {2},
     PAGES = {449--494},
      ISSN = {0034-5318},
   MRCLASS = {32U25 (13A18 14B05 32U05)},
  MRNUMBER = {2426355},
MRREVIEWER = {Romain Dujardin},
       DOI = {10.2977/prims/1210167334},
       URL = {https://doi.org/10.2977/prims/1210167334},
}


@article {Wang12,
    AUTHOR = {Wang, Xiaowei},
     TITLE = {Height and {GIT} weight},
   JOURNAL = {Math. Res. Lett.},
  FJOURNAL = {Mathematical Research Letters},
    VOLUME = {19},
      YEAR = {2012},
    NUMBER = {4},
     PAGES = {909--926},
      ISSN = {1073-2780},
   MRCLASS = {14L24 (14D20 14H60 32Q26)},
  MRNUMBER = {3008424},
MRREVIEWER = {Ivan Arzhantsev},
       DOI = {10.4310/MRL.2012.v19.n4.a14},
       URL = {https://doi.org/10.4310/MRL.2012.v19.n4.a14},
}


@article {EGZ09,
    AUTHOR = {Eyssidieux, Philippe and Guedj, Vincent and Zeriahi, Ahmed},
     TITLE = {Singular {K}\"{a}hler-{E}instein metrics},
   JOURNAL = {J. Amer. Math. Soc.},
  FJOURNAL = {Journal of the American Mathematical Society},
    VOLUME = {22},
      YEAR = {2009},
    NUMBER = {3},
     PAGES = {607--639},
      ISSN = {0894-0347},
   MRCLASS = {32Q20 (31C10 32J27 32Q25 32W20)},
  MRNUMBER = {2505296},
MRREVIEWER = {Zhou Zhang},
       DOI = {10.1090/S0894-0347-09-00629-8},
       URL = {https://doi.org/10.1090/S0894-0347-09-00629-8},
}

@article {GZ05,
    AUTHOR = {Guedj, Vincent and Zeriahi, Ahmed},
     TITLE = {Intrinsic capacities on compact {K}\"{a}hler manifolds},
   JOURNAL = {J. Geom. Anal.},
  FJOURNAL = {The Journal of Geometric Analysis},
    VOLUME = {15},
      YEAR = {2005},
    NUMBER = {4},
     PAGES = {607--639},
      ISSN = {1050-6926},
   MRCLASS = {32U20 (32Q15 32U15 37F10)},
  MRNUMBER = {2203165},
MRREVIEWER = {S\l awomir Ko\l odziej},
       DOI = {10.1007/BF02922247},
       URL = {https://doi.org/10.1007/BF02922247},
}
	

@article {GZ12,
    AUTHOR = {Guedj, Vincent and Zeriahi, Ahmed},
     TITLE = {Stability of solutions to complex {M}onge-{A}mp\`ere equations
              in big cohomology classes},
   JOURNAL = {Math. Res. Lett.},
  FJOURNAL = {Mathematical Research Letters},
    VOLUME = {19},
      YEAR = {2012},
    NUMBER = {5},
     PAGES = {1025--1042},
      ISSN = {1073-2780},
   MRCLASS = {32W20 (32Q15 32U40)},
  MRNUMBER = {3039828},
MRREVIEWER = {S\l awomir Ko\l odziej},
       DOI = {10.4310/MRL.2012.v19.n5.a6},
       URL = {https://doi.org/10.4310/MRL.2012.v19.n5.a6},
}

@article {Li17,
    AUTHOR = {Li, Chi},
     TITLE = {K-semistability is equivariant volume minimization},
   JOURNAL = {Duke Math. J.},
  FJOURNAL = {Duke Mathematical Journal},
    VOLUME = {166},
      YEAR = {2017},
    NUMBER = {16},
     PAGES = {3147--3218},
      ISSN = {0012-7094},
   MRCLASS = {14B05 (13A18 14J45 52A27 53C25 53C55)},
  MRNUMBER = {3715806},
MRREVIEWER = {Ruadha\'{\i} Dervan},
       DOI = {10.1215/00127094-2017-0026},
       URL = {https://doi.org/10.1215/00127094-2017-0026},
}
	
@article {Fuj19,
    AUTHOR = {Fujita, Kento},
     TITLE = {A valuative criterion for uniform {K}-stability of {$\mathbb
              Q$}-{F}ano varieties},
   JOURNAL = {J. Reine Angew. Math.},
  FJOURNAL = {Journal f\"{u}r die Reine und Angewandte Mathematik. [Crelle's
              Journal]},
    VOLUME = {751},
      YEAR = {2019},
     PAGES = {309--338},
      ISSN = {0075-4102},
   MRCLASS = {14E05 (14J45 32Q26)},
  MRNUMBER = {3956698},
MRREVIEWER = {Ziquan Zhuang},
       DOI = {10.1515/crelle-2016-0055},
       URL = {https://doi.org/10.1515/crelle-2016-0055},
}

@article {Da17,
    AUTHOR = {Darvas, Tam\'{a}s},
     TITLE = {Weak geodesic rays in the space of {K}\"{a}hler potentials and the
              class {$\mathcal{E}(X,\omega)$}},
   JOURNAL = {J. Inst. Math. Jussieu},
  FJOURNAL = {Journal of the Institute of Mathematics of Jussieu. JIMJ.
              Journal de l'Institut de Math\'{e}matiques de Jussieu},
    VOLUME = {16},
      YEAR = {2017},
    NUMBER = {4},
     PAGES = {837--858},
      ISSN = {1474-7480},
   MRCLASS = {53C55 (32U05 32W20)},
  MRNUMBER = {3680345},
MRREVIEWER = {Matthew B. Stenzel},
       DOI = {10.1017/S1474748015000316},
       URL = {https://doi.org/10.1017/S1474748015000316},
}


@article {KS20,
    AUTHOR = {Kim, Dano and Seo, Hoseob},
     TITLE = {Jumping numbers of analytic multiplier ideals},
      NOTE = {With an appendix by S\'{e}bastien Boucksom},
   JOURNAL = {Ann. Polon. Math.},
  FJOURNAL = {Annales Polonici Mathematici},
    VOLUME = {124},
      YEAR = {2020},
    NUMBER = {3},
     PAGES = {257--280},
      ISSN = {0066-2216},
   MRCLASS = {32U05 (14F18 32U25)},
  MRNUMBER = {4085107},
MRREVIEWER = {Junchao Shentu},
       DOI = {10.4064/ap190529-19-12},
       URL = {https://doi.org/10.4064/ap190529-19-12},
}
		


@article {BB17,
    AUTHOR = {Berman, Robert J. and Berndtsson, Bo},
     TITLE = {Convexity of the {$K$}-energy on the space of {K}\"{a}hler metrics
              and uniqueness of extremal metrics},
   JOURNAL = {J. Amer. Math. Soc.},
  FJOURNAL = {Journal of the American Mathematical Society},
    VOLUME = {30},
      YEAR = {2017},
    NUMBER = {4},
     PAGES = {1165--1196},
      ISSN = {0894-0347},
   MRCLASS = {32Q15 (53C55)},
  MRNUMBER = {3671939},
MRREVIEWER = {Ruadha\'{\i} Dervan},
       DOI = {10.1090/jams/880},
       URL = {https://doi.org/10.1090/jams/880},
}
	
@article {Kob75,
    AUTHOR = {Kobayashi, Shoshichi},
     TITLE = {Negative vector bundles and complex {F}insler structures},
   JOURNAL = {Nagoya Math. J.},
  FJOURNAL = {Nagoya Mathematical Journal},
    VOLUME = {57},
      YEAR = {1975},
     PAGES = {153--166},
      ISSN = {0027-7630},
   MRCLASS = {32L10},
  MRNUMBER = {377126},
MRREVIEWER = {S. Ramanan},
       URL = {http://projecteuclid.org/euclid.nmj/1118795367},
}


@article {BFJ09,
    AUTHOR = {Boucksom, S\'{e}bastien and Favre, Charles and Jonsson, Mattias},
     TITLE = {Differentiability of volumes of divisors and a problem of
              {T}eissier},
   JOURNAL = {J. Algebraic Geom.},
  FJOURNAL = {Journal of Algebraic Geometry},
    VOLUME = {18},
      YEAR = {2009},
    NUMBER = {2},
     PAGES = {279--308},
      ISSN = {1056-3911},
   MRCLASS = {14C20 (14C17)},
  MRNUMBER = {2475816},
MRREVIEWER = {James McKernan},
       DOI = {10.1090/S1056-3911-08-00490-6},
       URL = {https://doi.org/10.1090/S1056-3911-08-00490-6},
}

@article {BC11,
    AUTHOR = {Boucksom, S\'{e}bastien and Chen, Huayi},
     TITLE = {Okounkov bodies of filtered linear series},
   JOURNAL = {Compos. Math.},
  FJOURNAL = {Compositio Mathematica},
    VOLUME = {147},
      YEAR = {2011},
    NUMBER = {4},
     PAGES = {1205--1229},
      ISSN = {0010-437X},
   MRCLASS = {14G25 (11G50 14C20)},
  MRNUMBER = {2822867},
MRREVIEWER = {Dennis Eriksson},
       DOI = {10.1112/S0010437X11005355},
       URL = {https://doi.org/10.1112/S0010437X11005355},
}

@article {BDL17,
    AUTHOR = {Berman, Robert J. and Darvas, Tam\'{a}s and Lu, Chinh H.},
     TITLE = {Convexity of the extended {K}-energy and the large time
              behavior of the weak {C}alabi flow},
   JOURNAL = {Geom. Topol.},
  FJOURNAL = {Geometry \& Topology},
    VOLUME = {21},
      YEAR = {2017},
    NUMBER = {5},
     PAGES = {2945--2988},
      ISSN = {1465-3060},
   MRCLASS = {53C55 (32U05 32W20)},
  MRNUMBER = {3687111},
MRREVIEWER = {Chi Li},
       DOI = {10.2140/gt.2017.21.2945},
       URL = {https://doi.org/10.2140/gt.2017.21.2945},
}
	


@article {CC1,
    AUTHOR = {Chen, Xiuxiong and Cheng, Jingrui},
     TITLE = {On the constant scalar curvature {K}\"{a}hler metrics ({I})---{A}
              priori estimates},
   JOURNAL = {J. Amer. Math. Soc.},
  FJOURNAL = {Journal of the American Mathematical Society},
    VOLUME = {34},
      YEAR = {2021},
    NUMBER = {4},
     PAGES = {909--936},
      ISSN = {0894-0347},
   MRCLASS = {53C55 (53C21)},
  MRNUMBER = {4301557},
       DOI = {10.1090/jams/967},
       URL = {https://doi.org/10.1090/jams/967},
}

@article {CC2,
    AUTHOR = {Chen, Xiuxiong and Cheng, Jingrui},
     TITLE = {On the constant scalar curvature {K}\"{a}hler metrics
              ({II})---{E}xistence results},
   JOURNAL = {J. Amer. Math. Soc.},
  FJOURNAL = {Journal of the American Mathematical Society},
    VOLUME = {34},
      YEAR = {2021},
    NUMBER = {4},
     PAGES = {937--1009},
      ISSN = {0894-0347},
   MRCLASS = {53C55 (53C21)},
  MRNUMBER = {4301558},
       DOI = {10.1090/jams/966},
       URL = {https://doi.org/10.1090/jams/966},
}
	
@article {BEGZ10,
    AUTHOR = {Boucksom, S\'{e}bastien and Eyssidieux, Philippe and Guedj,
              Vincent and Zeriahi, Ahmed},
     TITLE = {Monge-{A}mp\`ere equations in big cohomology classes},
   JOURNAL = {Acta Math.},
  FJOURNAL = {Acta Mathematica},
    VOLUME = {205},
      YEAR = {2010},
    NUMBER = {2},
     PAGES = {199--262},
      ISSN = {0001-5962},
   MRCLASS = {32U40 (32Q20 32U15 32W20)},
  MRNUMBER = {2746347},
MRREVIEWER = {S\l awomir Dinew},
       DOI = {10.1007/s11511-010-0054-7},
       URL = {https://doi.org/10.1007/s11511-010-0054-7},
}

@article {BBGZ13,
    AUTHOR = {Berman, Robert J. and Boucksom, S\'{e}bastien and Guedj, Vincent
              and Zeriahi, Ahmed},
     TITLE = {A variational approach to complex {M}onge-{A}mp\`ere equations},
   JOURNAL = {Publ. Math. Inst. Hautes \'{E}tudes Sci.},
  FJOURNAL = {Publications Math\'{e}matiques. Institut de Hautes \'{E}tudes
              Scientifiques},
    VOLUME = {117},
      YEAR = {2013},
     PAGES = {179--245},
      ISSN = {0073-8301},
   MRCLASS = {32W20 (32Q15 32U05 35J93 53C55)},
  MRNUMBER = {3090260},
MRREVIEWER = {Rafa\l  Czy\.{z}},
       DOI = {10.1007/s10240-012-0046-6},
       URL = {https://doi.org/10.1007/s10240-012-0046-6},
}


@article {GZ15b,
    AUTHOR = {Guan, Qi'an and Zhou, Xiangyu},
     TITLE = {A solution of an {$L^2$} extension problem with an optimal
              estimate and applications},
   JOURNAL = {Ann. of Math. (2)},
  FJOURNAL = {Annals of Mathematics. Second Series},
    VOLUME = {181},
      YEAR = {2015},
    NUMBER = {3},
     PAGES = {1139--1208},
      ISSN = {0003-486X},
   MRCLASS = {32D15 (32A36)},
  MRNUMBER = {3296822},
MRREVIEWER = {\.{Z}ywomir Dinew},
       DOI = {10.4007/annals.2015.181.3.6},
       URL = {https://doi.org/10.4007/annals.2015.181.3.6},
}

@article {Don01,
    AUTHOR = {Donaldson, S. K.},
     TITLE = {Scalar curvature and projective embeddings. {I}},
   JOURNAL = {J. Differential Geom.},
  FJOURNAL = {Journal of Differential Geometry},
    VOLUME = {59},
      YEAR = {2001},
    NUMBER = {3},
     PAGES = {479--522},
      ISSN = {0022-040X},
   MRCLASS = {32Q15 (32Q40 53C21)},
  MRNUMBER = {1916953},
MRREVIEWER = {Francisco Presas},
       URL = {http://projecteuclid.org/euclid.jdg/1090349449},
}

@article {Don05,
    AUTHOR = {Donaldson, S. K.},
     TITLE = {Scalar curvature and projective embeddings. {II}},
   JOURNAL = {Q. J. Math.},
  FJOURNAL = {The Quarterly Journal of Mathematics},
    VOLUME = {56},
      YEAR = {2005},
    NUMBER = {3},
     PAGES = {345--356},
      ISSN = {0033-5606},
   MRCLASS = {32Q15 (32Q40 53C21)},
  MRNUMBER = {2161248},
MRREVIEWER = {Ignasi Mundet-Riera},
       DOI = {10.1093/qmath/hah044},
       URL = {https://doi.org/10.1093/qmath/hah044},
}

@article {PSW08,
    AUTHOR = {Phong, D. H. and Song, Jian and Sturm, Jacob and Weinkove,
              Ben},
     TITLE = {The {M}oser-{T}rudinger inequality on {K}\"{a}hler-{E}instein
              manifolds},
   JOURNAL = {Amer. J. Math.},
  FJOURNAL = {American Journal of Mathematics},
    VOLUME = {130},
      YEAR = {2008},
    NUMBER = {4},
     PAGES = {1067--1085},
      ISSN = {0002-9327},
   MRCLASS = {32Q20 (32W20 53C25 53C44 53C55)},
  MRNUMBER = {2427008},
MRREVIEWER = {Julien Keller},
       DOI = {10.1353/ajm.0.0013},
       URL = {https://doi.org/10.1353/ajm.0.0013},
}




@article {GZ07,
    AUTHOR = {Guedj, Vincent and Zeriahi, Ahmed},
     TITLE = {The weighted {M}onge-{A}mp\`ere energy of quasiplurisubharmonic
              functions},
   JOURNAL = {J. Funct. Anal.},
  FJOURNAL = {Journal of Functional Analysis},
    VOLUME = {250},
      YEAR = {2007},
    NUMBER = {2},
     PAGES = {442--482},
      ISSN = {0022-1236},
   MRCLASS = {32W20 (32Q15 32U05)},
  MRNUMBER = {2352488},
MRREVIEWER = {Norman Levenberg},
       DOI = {10.1016/j.jfa.2007.04.018},
       URL = {https://doi.org/10.1016/j.jfa.2007.04.018},
}


@article {Ber16,
    AUTHOR = {Berman, Robert J.},
     TITLE = {K-polystability of {${\mathbb Q}$}-{F}ano varieties admitting
              {K}\"{a}hler-{E}instein metrics},
   JOURNAL = {Invent. Math.},
  FJOURNAL = {Inventiones Mathematicae},
    VOLUME = {203},
      YEAR = {2016},
    NUMBER = {3},
     PAGES = {973--1025},
      ISSN = {0020-9910},
   MRCLASS = {53C55 (14J45 53C25)},
  MRNUMBER = {3461370},
MRREVIEWER = {Cristiano Spotti},
       DOI = {10.1007/s00222-015-0607-7},
       URL = {https://doi.org/10.1007/s00222-015-0607-7},
}

@article {CDS15a,
    AUTHOR = {Chen, Xiuxiong and Donaldson, Simon and Sun, Song},
     TITLE = {K\"{a}hler-{E}instein metrics on {F}ano manifolds. {I}:
              {A}pproximation of metrics with cone singularities},
   JOURNAL = {J. Amer. Math. Soc.},
  FJOURNAL = {Journal of the American Mathematical Society},
    VOLUME = {28},
      YEAR = {2015},
    NUMBER = {1},
     PAGES = {183--197},
      ISSN = {0894-0347},
   MRCLASS = {53C55 (14J45 32Q20 32W20 53C25)},
  MRNUMBER = {3264766},
MRREVIEWER = {Julius Ross},
       DOI = {10.1090/S0894-0347-2014-00799-2},
       URL = {https://doi.org/10.1090/S0894-0347-2014-00799-2},
}

@article {CDS15b,
    AUTHOR = {Chen, Xiuxiong and Donaldson, Simon and Sun, Song},
     TITLE = {K\"{a}hler-{E}instein metrics on {F}ano manifolds. {II}: {L}imits
              with cone angle less than {$2\pi$}},
   JOURNAL = {J. Amer. Math. Soc.},
  FJOURNAL = {Journal of the American Mathematical Society},
    VOLUME = {28},
      YEAR = {2015},
    NUMBER = {1},
     PAGES = {199--234},
      ISSN = {0894-0347},
   MRCLASS = {53C55 (53C25)},
  MRNUMBER = {3264767},
MRREVIEWER = {Julius Ross},
       DOI = {10.1090/S0894-0347-2014-00800-6},
       URL = {https://doi.org/10.1090/S0894-0347-2014-00800-6},
}
	

@article {CDS15c,
    AUTHOR = {Chen, Xiuxiong and Donaldson, Simon and Sun, Song},
     TITLE = {K\"{a}hler-{E}instein metrics on {F}ano manifolds. {III}: {L}imits
              as cone angle approaches {$2\pi$} and completion of the main
              proof},
   JOURNAL = {J. Amer. Math. Soc.},
  FJOURNAL = {Journal of the American Mathematical Society},
    VOLUME = {28},
      YEAR = {2015},
    NUMBER = {1},
     PAGES = {235--278},
      ISSN = {0894-0347},
   MRCLASS = {53C55 (53C25)},
  MRNUMBER = {3264768},
MRREVIEWER = {Julius Ross},
       DOI = {10.1090/S0894-0347-2014-00801-8},
       URL = {https://doi.org/10.1090/S0894-0347-2014-00801-8},
}

@article {DP04,
    AUTHOR = {Demailly, Jean-Pierre and Paun, Mihai},
     TITLE = {Numerical characterization of the {K}\"{a}hler cone of a compact
              {K}\"{a}hler manifold},
   JOURNAL = {Ann. of Math. (2)},
  FJOURNAL = {Annals of Mathematics. Second Series},
    VOLUME = {159},
      YEAR = {2004},
    NUMBER = {3},
     PAGES = {1247--1274},
      ISSN = {0003-486X},
   MRCLASS = {32J27 (32Q15)},
  MRNUMBER = {2113021},
MRREVIEWER = {Philippe P. Eyssidieux},
       DOI = {10.4007/annals.2004.159.1247},
       URL = {https://doi.org/10.4007/annals.2004.159.1247},
}
		


@article {Ze98,
    AUTHOR = {Zelditch, Steve},
     TITLE = {Szeg\H{o} kernels and a theorem of {T}ian},
   JOURNAL = {Internat. Math. Res. Notices},
  FJOURNAL = {International Mathematics Research Notices},
      YEAR = {1998},
    NUMBER = {6},
     PAGES = {317--331},
      ISSN = {1073-7928},
   MRCLASS = {32L10 (47B35)},
  MRNUMBER = {1616718},
MRREVIEWER = {Thierry Bouche},
       DOI = {10.1155/S107379289800021X},
       URL = {https://doi.org/10.1155/S107379289800021X},
}

@article {ZeZh19,
    AUTHOR = {Zelditch, Steve and Zhou, Peng},
     TITLE = {Interface asymptotics of partial {B}ergman kernels on
              {$S^1$}-symmetric {K}\"{a}hler manifolds},
   JOURNAL = {J. Symplectic Geom.},
  FJOURNAL = {The Journal of Symplectic Geometry},
    VOLUME = {17},
      YEAR = {2019},
    NUMBER = {3},
     PAGES = {793--856},
      ISSN = {1527-5256},
   MRCLASS = {32A25 (32Q15 53C55)},
  MRNUMBER = {4022214},
MRREVIEWER = {Mohammed El A\"{\i}di},
       DOI = {10.4310/JSG.2019.v17.n3.a6},
       URL = {https://doi.org/10.4310/JSG.2019.v17.n3.a6},
}

@article {PT18,
    AUTHOR = {P\u{a}un, Mihai and Takayama, Shigeharu},
     TITLE = {Positivity of twisted relative pluricanonical bundles and
              their direct images},
   JOURNAL = {J. Algebraic Geom.},
  FJOURNAL = {Journal of Algebraic Geometry},
    VOLUME = {27},
      YEAR = {2018},
    NUMBER = {2},
     PAGES = {211--272},
      ISSN = {1056-3911},
   MRCLASS = {32L05 (32A25)},
  MRNUMBER = {3764276},
MRREVIEWER = {Severin Barmeier},
       DOI = {10.1090/jag/702},
       URL = {https://doi.org/10.1090/jag/702},
}

@article {Fut83,
    AUTHOR = {Futaki, A.},
     TITLE = {An obstruction to the existence of {E}instein {K}\"{a}hler
              metrics},
   JOURNAL = {Invent. Math.},
  FJOURNAL = {Inventiones Mathematicae},
    VOLUME = {73},
      YEAR = {1983},
    NUMBER = {3},
     PAGES = {437--443},
      ISSN = {0020-9910},
   MRCLASS = {53C55 (32J99)},
  MRNUMBER = {718940},
MRREVIEWER = {J. L. Kazdan},
       DOI = {10.1007/BF01388438},
       URL = {https://doi.org/10.1007/BF01388438},
}


@article {Ya86,
    AUTHOR = {Yau, Shing-Tung},
     TITLE = {Nonlinear analysis in geometry},
   JOURNAL = {Enseign. Math. (2)},
  FJOURNAL = {L'Enseignement Math\'{e}matique. Revue Internationale. 2e S\'{e}rie},
    VOLUME = {33},
      YEAR = {1987},
    NUMBER = {1-2},
     PAGES = {109--158},
      ISSN = {0013-8584},
   MRCLASS = {58-02 (58G30)},
  MRNUMBER = {896385},
}
		


@article {A76,
    AUTHOR = {Aubin, Thierry},
     TITLE = {\'{E}quations du type {M}onge-{A}mp\`ere sur les vari\'{e}t\'{e}s
              k\"{a}hleriennes compactes},
   JOURNAL = {C. R. Acad. Sci. Paris S\'{e}r. A-B},
  FJOURNAL = {Comptes Rendus Hebdomadaires des S\'{e}ances de l'Acad\'{e}mie des
              Sciences. S\'{e}ries A et B},
    VOLUME = {283},
      YEAR = {1976},
    NUMBER = {3},
     PAGES = {Aiii, A119--A121},
      ISSN = {0151-0509},
   MRCLASS = {58G99 (32C10 35J60)},
  MRNUMBER = {433520},
MRREVIEWER = {J. L. Kazdan},
}





@article {Voi04,
    AUTHOR = {Voisin, Claire},
     TITLE = {On the homotopy types of compact {K}\"{a}hler and complex
              projective manifolds},
   JOURNAL = {Invent. Math.},
  FJOURNAL = {Inventiones Mathematicae},
    VOLUME = {157},
      YEAR = {2004},
    NUMBER = {2},
     PAGES = {329--343},
      ISSN = {0020-9910},
   MRCLASS = {32J27 (14F35 32J25)},
  MRNUMBER = {2076925},
MRREVIEWER = {Javier A. Fern\'{a}ndez},
       DOI = {10.1007/s00222-003-0352-1},
       URL = {https://doi.org/10.1007/s00222-003-0352-1},
}
	
@article {Y78,
    AUTHOR = {Yau, Shing Tung},
     TITLE = {On the {R}icci curvature of a compact {K}\"{a}hler manifold and
              the complex {M}onge-{A}mp\`ere equation. {I}},
   JOURNAL = {Comm. Pure Appl. Math.},
  FJOURNAL = {Communications on Pure and Applied Mathematics},
    VOLUME = {31},
      YEAR = {1978},
    NUMBER = {3},
     PAGES = {339--411},
      ISSN = {0010-3640},
   MRCLASS = {53C55 (32C10 35J60)},
  MRNUMBER = {480350},
MRREVIEWER = {Robert E. Greene},
       DOI = {10.1002/cpa.3160310304},
       URL = {https://doi.org/10.1002/cpa.3160310304},
}

@article {Y77,
    AUTHOR = {Yau, Shing Tung},
     TITLE = {Calabi's conjecture and some new results in algebraic
              geometry},
   JOURNAL = {Proc. Nat. Acad. Sci. U.S.A.},
  FJOURNAL = {Proceedings of the National Academy of Sciences of the United
              States of America},
    VOLUME = {74},
      YEAR = {1977},
    NUMBER = {5},
     PAGES = {1798--1799},
      ISSN = {0027-8424},
   MRCLASS = {53C55 (14M20 32C10)},
  MRNUMBER = {451180},
MRREVIEWER = {Bang-yen Chen},
       DOI = {10.1073/pnas.74.5.1798},
       URL = {https://doi.org/10.1073/pnas.74.5.1798},
}

@article {Ti90,
    AUTHOR = {Tian, Gang},
     TITLE = {On a set of polarized {K}\"{a}hler metrics on algebraic manifolds},
   JOURNAL = {J. Differential Geom.},
  FJOURNAL = {Journal of Differential Geometry},
    VOLUME = {32},
      YEAR = {1990},
    NUMBER = {1},
     PAGES = {99--130},
      ISSN = {0022-040X},
   MRCLASS = {32L07 (32C17 53C55)},
  MRNUMBER = {1064867},
MRREVIEWER = {John M. Lee},
       URL = {http://projecteuclid.org/euclid.jdg/1214445039},
}


@article {GZ15,
    AUTHOR = {Guan, Qi'an and Zhou, Xiangyu},
     TITLE = {Effectiveness of {D}emailly's strong openness conjecture and
              related problems},
   JOURNAL = {Invent. Math.},
  FJOURNAL = {Inventiones Mathematicae},
    VOLUME = {202},
      YEAR = {2015},
    NUMBER = {2},
     PAGES = {635--676},
      ISSN = {0020-9910},
   MRCLASS = {32U05 (32D15 32E10 32L10 32W05)},
  MRNUMBER = {3418242},
MRREVIEWER = {\.{Z}ywomir Dinew},
       DOI = {10.1007/s00222-014-0575-3},
       URL = {https://doi.org/10.1007/s00222-014-0575-3},
}

@article {DR17,
    AUTHOR = {Darvas, Tam\'{a}s and Rubinstein, Yanir A.},
     TITLE = {Tian's properness conjectures and {F}insler geometry of the
              space of {K}\"{a}hler metrics},
   JOURNAL = {J. Amer. Math. Soc.},
  FJOURNAL = {Journal of the American Mathematical Society},
    VOLUME = {30},
      YEAR = {2017},
    NUMBER = {2},
     PAGES = {347--387},
      ISSN = {0894-0347},
   MRCLASS = {32Q20 (14J45 32U05 32W20 58B20 58E11)},
  MRNUMBER = {3600039},
MRREVIEWER = {Eleonora Di Nezza},
       DOI = {10.1090/jams/873},
       URL = {https://doi.org/10.1090/jams/873},
}
	

@article {Don02,
    AUTHOR = {Donaldson, S. K.},
     TITLE = {Scalar curvature and stability of toric varieties},
   JOURNAL = {J. Differential Geom.},
  FJOURNAL = {Journal of Differential Geometry},
    VOLUME = {62},
      YEAR = {2002},
    NUMBER = {2},
     PAGES = {289--349},
      ISSN = {0022-040X},
   MRCLASS = {32Q15 (14M25 53C21 53C55)},
  MRNUMBER = {1988506},
       URL = {http://projecteuclid.org/euclid.jdg/1090950195},
}

@article {LRRS18,
    AUTHOR = {L\"{a}rk\"{a}ng, Richard and Raufi, Hossein and Ruppenthal, Jean and
              Sera, Martin},
     TITLE = {Chern forms of singular metrics on vector bundles},
   JOURNAL = {Adv. Math.},
  FJOURNAL = {Advances in Mathematics},
    VOLUME = {326},
      YEAR = {2018},
     PAGES = {465--489},
      ISSN = {0001-8708},
   MRCLASS = {32L05 (14C17 32U40)},
  MRNUMBER = {3758433},
MRREVIEWER = {Tsz On Mario Chan},
       DOI = {10.1016/j.aim.2017.12.009},
       URL = {https://doi.org/10.1016/j.aim.2017.12.009},
}	

@article {HY03,
    AUTHOR = {Hara, Nobuo and Yoshida, Ken-Ichi},
     TITLE = {A generalization of tight closure and multiplier ideals},
   JOURNAL = {Trans. Amer. Math. Soc.},
  FJOURNAL = {Transactions of the American Mathematical Society},
    VOLUME = {355},
      YEAR = {2003},
    NUMBER = {8},
     PAGES = {3143--3174},
      ISSN = {0002-9947},
   MRCLASS = {13A35},
  MRNUMBER = {1974679},
MRREVIEWER = {Irena Swanson},
       DOI = {10.1090/S0002-9947-03-03285-9},
       URL = {https://doi.org/10.1090/S0002-9947-03-03285-9},
}
	
@article {Tem11,
    AUTHOR = {Temkin, Michael},
     TITLE = {Relative {R}iemann-{Z}ariski spaces},
   JOURNAL = {Israel J. Math.},
  FJOURNAL = {Israel Journal of Mathematics},
    VOLUME = {185},
      YEAR = {2011},
     PAGES = {1--42},
      ISSN = {0021-2172},
   MRCLASS = {14A15 (12F05 13A18 14A20)},
  MRNUMBER = {2837126},
MRREVIEWER = {Marko Roczen},
       DOI = {10.1007/s11856-011-0099-0},
       URL = {https://doi.org/10.1007/s11856-011-0099-0},
}


@article {BHJ19err,
    AUTHOR = {Boucksom, S\'{e}bastien and Hisamoto, Tomoyuki and Jonsson,
              Mattias},
     TITLE = {Erratum to ``{U}niform {K}-stability and asymptotics of energy
              functionals in {K}\"{a}hler geometry''},
   JOURNAL = {J. Eur. Math. Soc. (JEMS)},
  FJOURNAL = {Journal of the European Mathematical Society (JEMS)},
    VOLUME = {24},
      YEAR = {2022},
    NUMBER = {2},
     PAGES = {735--736},
      ISSN = {1435-9855},
   MRCLASS = {53C55 (14G22 32P05 32Q20 32Q26)},
  MRNUMBER = {4382482},
       DOI = {10.4171/jems/1215},
       URL = {https://doi.org/10.4171/jems/1215},
}
		
@article {BHJ19,
    AUTHOR = {Boucksom, S\'{e}bastien and Hisamoto, Tomoyuki and Jonsson,
              Mattias},
     TITLE = {Uniform {K}-stability and asymptotics of energy functionals in
              {K}\"{a}hler geometry},
   JOURNAL = {J. Eur. Math. Soc. (JEMS)},
  FJOURNAL = {Journal of the European Mathematical Society (JEMS)},
    VOLUME = {21},
      YEAR = {2019},
    NUMBER = {9},
     PAGES = {2905--2944},
      ISSN = {1435-9855},
   MRCLASS = {53C55 (14G22 32P05 32Q20 32Q26)},
  MRNUMBER = {3985614},
MRREVIEWER = {Yuchen Liu},
       DOI = {10.4171/JEMS/894},
       URL = {https://doi.org/10.4171/JEMS/894},
}


@article {BB66,
    AUTHOR = {Baily, Jr., W. L. and Borel, A.},
     TITLE = {Compactification of arithmetic quotients of bounded symmetric
              domains},
   JOURNAL = {Ann. of Math. (2)},
  FJOURNAL = {Annals of Mathematics. Second Series},
    VOLUME = {84},
      YEAR = {1966},
     PAGES = {442--528},
      ISSN = {0003-486X},
   MRCLASS = {32.65},
  MRNUMBER = {216035},
MRREVIEWER = {A. Kor\'{a}nyi},
       DOI = {10.2307/1970457},
       URL = {https://doi.org/10.2307/1970457},
}



@article {BD08,
    AUTHOR = {Berndtsson, Bo and P\u{a}un, Mihai},
     TITLE = {Bergman kernels and the pseudoeffectivity of relative
              canonical bundles},
   JOURNAL = {Duke Math. J.},
  FJOURNAL = {Duke Mathematical Journal},
    VOLUME = {145},
      YEAR = {2008},
    NUMBER = {2},
     PAGES = {341--378},
      ISSN = {0012-7094},
   MRCLASS = {32L15 (14J40)},
  MRNUMBER = {2449950},
MRREVIEWER = {James McKernan},
       DOI = {10.1215/00127094-2008-054},
       URL = {https://doi.org/10.1215/00127094-2008-054},
}


@article {DDNL18mono,
    AUTHOR = {Darvas, Tam\'{a}s and Di Nezza, Eleonora and Lu, Chinh H.},
     TITLE = {Monotonicity of nonpluripolar products and complex
              {M}onge-{A}mp\`ere equations with prescribed singularity},
   JOURNAL = {Anal. PDE},
  FJOURNAL = {Analysis \& PDE},
    VOLUME = {11},
      YEAR = {2018},
    NUMBER = {8},
     PAGES = {2049--2087},
      ISSN = {2157-5045},
   MRCLASS = {32W20 (32Q15 32Q20 32U05 35J96)},
  MRNUMBER = {3812864},
MRREVIEWER = {S\l awomir Ko\l odziej},
       DOI = {10.2140/apde.2018.11.2049},
       URL = {https://doi.org/10.2140/apde.2018.11.2049},
}

@article {DDNL18big,
    AUTHOR = {Darvas, Tam\'{a}s and Di Nezza, Eleonora and Lu, Chinh H.},
     TITLE = {{$L^1$} metric geometry of big cohomology classes},
   JOURNAL = {Ann. Inst. Fourier (Grenoble)},
  FJOURNAL = {Universit\'{e} de Grenoble. Annales de l'Institut Fourier},
    VOLUME = {68},
      YEAR = {2018},
    NUMBER = {7},
     PAGES = {3053--3086},
      ISSN = {0373-0956},
   MRCLASS = {32Q15 (32U40 32W20 53C55)},
  MRNUMBER = {3959105},
MRREVIEWER = {Valentino Tosatti},
       URL = {http://aif.cedram.org/item?id=AIF_2018__68_7_3053_0},
}

@article {KM13,
    AUTHOR = {K\"{u}ronya, Alex and Maclean, Catriona},
     TITLE = {Zariski decomposition of b-divisors},
   JOURNAL = {Math. Z.},
  FJOURNAL = {Mathematische Zeitschrift},
    VOLUME = {273},
      YEAR = {2013},
    NUMBER = {1-2},
     PAGES = {427--436},
      ISSN = {0025-5874},
   MRCLASS = {14C20},
  MRNUMBER = {3010168},
MRREVIEWER = {Kelly Jabbusch},
       DOI = {10.1007/s00209-012-1012-1},
       URL = {https://doi.org/10.1007/s00209-012-1012-1},
}

@article {DDNL18fullmass,
    AUTHOR = {Darvas, Tam\'{a}s and Di Nezza, Eleonora and Lu, Chinh H.},
     TITLE = {On the singularity type of full mass currents in big
              cohomology classes},
   JOURNAL = {Compos. Math.},
  FJOURNAL = {Compositio Mathematica},
    VOLUME = {154},
      YEAR = {2018},
    NUMBER = {2},
     PAGES = {380--409},
      ISSN = {0010-437X},
   MRCLASS = {32W20 (32Q15 32U05 53C55)},
  MRNUMBER = {3738831},
MRREVIEWER = {Vincent Guedj},
       DOI = {10.1112/S0010437X1700759X},
       URL = {https://doi.org/10.1112/S0010437X1700759X},
}

@article {Berk93,
    AUTHOR = {Berkovich, Vladimir G.},
     TITLE = {\'{E}tale cohomology for non-{A}rchimedean analytic spaces},
   JOURNAL = {Inst. Hautes \'{E}tudes Sci. Publ. Math.},
  FJOURNAL = {Institut des Hautes \'{E}tudes Scientifiques. Publications
              Math\'{e}matiques},
    NUMBER = {78},
      YEAR = {1993},
     PAGES = {5--161 (1994)},
      ISSN = {0073-8301},
   MRCLASS = {14F20 (14F30 32C37 32P05)},
  MRNUMBER = {1259429},
MRREVIEWER = {W. Bartenwerfer},
       URL = {http://www.numdam.org/item?id=PMIHES_1993__78__5_0},
}
	

@article {DT92,
    AUTHOR = {Ding, Wei Yue and Tian, Gang},
     TITLE = {K\"{a}hler-{E}instein metrics and the generalized {F}utaki
              invariant},
   JOURNAL = {Invent. Math.},
  FJOURNAL = {Inventiones Mathematicae},
    VOLUME = {110},
      YEAR = {1992},
    NUMBER = {2},
     PAGES = {315--335},
      ISSN = {0020-9910},
   MRCLASS = {53C25 (32L07 53C55)},
  MRNUMBER = {1185586},
MRREVIEWER = {Antonella Nannicini},
       DOI = {10.1007/BF01231335},
       URL = {https://doi.org/10.1007/BF01231335},
}
	

@article {Vil20,
    AUTHOR = {Vilsmeier, Christian},
     TITLE = {A comparison of the real and non-archimedean {M}onge-{A}mp\`ere
              operator},
   JOURNAL = {Math. Z.},
  FJOURNAL = {Mathematische Zeitschrift},
    VOLUME = {297},
      YEAR = {2021},
    NUMBER = {1-2},
     PAGES = {633--668},
      ISSN = {0025-5874},
   MRCLASS = {32P05 (14G22 14T20 32W20)},
  MRNUMBER = {4204708},
MRREVIEWER = {Mattias Jonsson},
       DOI = {10.1007/s00209-020-02527-3},
       URL = {https://doi.org/10.1007/s00209-020-02527-3},
}
	


% Books

@book{Wei13,
  title={The {K}-book: An introduction to algebraic {K}-theory},
  author={Weibel, C. A.},
  volume={145},
  year={2013},
  publisher={American Mathematical Society Providence, RI}
}

@book{Fed04,
  title={Geometric measure theory},
  author={Federer, H.},
  year={2014},
  publisher={Springer}
}

@book {Hor90,
    AUTHOR = {H\"{o}rmander, Lars},
     TITLE = {An introduction to complex analysis in several variables},
    SERIES = {North-Holland Mathematical Library},
    VOLUME = {7},
   EDITION = {Third},
 PUBLISHER = {North-Holland Publishing Co., Amsterdam},
      YEAR = {1990},
     PAGES = {xii+254},
      ISBN = {0-444-88446-7},
   MRCLASS = {32-01 (35N15)},
  MRNUMBER = {1045639},
}

@book{Jou80,
  title={Théorèmes de {B}ertini et applications},
  author={Jouanolou, J.-P.},
  volume={37},
  year={1980},
  publisher={Universit{\'e} Louis Pasteur}
}

@book{Nak04,
  title={Zariski-decomposition and abundance},
  author={Nakayama, N.},
  volume={14},
  year={2004},
  publisher={Mathematical Society of Japan Tokyo}
}





@book{Har,
  title     = {Algebraic geometry},
  publisher = {Springer Science \& Business Media},
  year      = {2013},
  author    = {Hartshorne, R.},
  volume    = {52},
  series    = {GTM},
}



@book{Kol13b,
  title     = {Rational curves on algebraic varieties},
  publisher = {Springer Science \& Business Media},
  year      = {2013},
  author    = {Koll{\'a}r, J.},
  volume    = {32},
}

@book{Kol09,
  title     = {Lectures on Resolution of Singularities (AM-166)},
  publisher = {Princeton University Press},
  year      = {2009},
  author    = {Koll{\'a}r, J.},
}


@book{Sch14,
  title={Convex bodies: the {B}runn--{M}inkowski theory},
  author={Schneider, R.},
  number={151},
  year={2014},
  publisher={Cambridge university press}
}

@book {Pink89,
    AUTHOR = {Pink, Richard},
     TITLE = {Arithmetical compactification of mixed {S}himura varieties},
    SERIES = {Bonner Mathematische Schriften [Bonn Mathematical
              Publications]},
    VOLUME = {209},
      NOTE = {Dissertation, Rheinische Friedrich-Wilhelms-Universit\"{a}t Bonn,
              Bonn, 1989},
 PUBLISHER = {Universit\"{a}t Bonn, Mathematisches Institut, Bonn},
      YEAR = {1990},
     PAGES = {xviii+340},
   MRCLASS = {11G18 (14G35)},
  MRNUMBER = {1128753},
MRREVIEWER = {Min Ho Lee},
}

@book{CC95,
  title     = {Fully nonlinear elliptic equations},
  publisher = {American Mathematical Society},
  year      = {1995},
  author    = {Caffarelli, L. A. and Cabré, X.},
}

@book{BL10,
  title={Convex analysis and nonlinear optimization: theory and examples},
  author={Borwein, J. and Lewis, A. S.},
  year={2010},
  publisher={Springer Science \& Business Media}
}

@InBook{Tem16,
  title={Metrization of differential pluriforms on {B}erkovich analytic spaces},
  author={Temkin, M.},
  booktitle={Nonarchimedean and tropical geometry},
  pages={195--285},
  year={2016},
  publisher={Springer}
}




@InBook{Blo13,
  pages     = {95-141},
  title     = {The Complex {M}onge--{A}mpère Equation in {K}ähler Geometry},
  publisher = {Springer Berlin Heidelberg},
  year      = {2013},
  author    = {Błocki, Z.},
}

@InBook{Blo12,
  title={The {C}alabi--{Y}au theorem},
  author={B{\l}ocki, Z.},
  booktitle={Complex {M}onge--{A}mp{\`e}re equations and geodesics in the Space of {K}{\"a}hler metrics},
  pages={201--227},
  year={2012},
  publisher={Springer}
}

@InBook{Cal57,
  author    = {Calabi, E.},
  title     = {On {K}ähler manifolds with vanishing canonical class},
  booktitle = {Algebraic geometry and topology. A symposium in honor of S. Lefschetz},
  year      = {1957},
  volume    = {12},
  pages     = {78-89},
}

@InBook{Cal85,
  chapter   = {Extremal {K}ähler metrics {II}},
  pages     = {95-114},
  title     = {Differenatial geometry and complex analysis},
  publisher = {Springer Berlin Heidelberg},
  year      = {1985},
  author    = {Calabi, E.},
}


@InBook{BFJ16b,
  title={The {N}on-{A}rchimedean {M}onge--{A}mp{\`e}re Equation},
  author={Boucksom, S. and Favre, C. and Jonsson, M.},
  booktitle={Nonarchimedean and Tropical Geometry},
  pages={31--49},
  year={2016},
  publisher={Springer}
}

@book{Kol13,
  title={Singularities of the minimal model program},
  author={Koll{\'a}r, J.},
  volume={200},
  year={2013},
  publisher={Cambridge University Press}
}

@book{Gue12,
  title     = {Complex {M}onge--{A}mpère equations and geodesics in the space of {K}ähler metrics},
  publisher = {Springer Science \& Business Media},
  year      = {2012},
  editor    = {Guedj, V.},
  volume    = {2038},
}

@book{Fuj17,
  title={Foundations of the minimal model program},
  author={Fujino, O.},
  year={2017},
  publisher={Mathematical Society of Japan Tokyo}
}

@book{KM08,
  title={Birational geometry of algebraic varieties},
  author={Koll{\'a}r, J. and Mori, S.},
  volume={134},
  year={2008},
  publisher={Cambridge university press}
}

@book{Fol99,
  title={Real analysis: modern techniques and their applications},
  author={Folland, G. B.},
  volume={40},
  year={1999},
  publisher={John Wiley \& Sons}
}

@book {FK18,
    AUTHOR = {Fujiwara, Kazuhiro and Kato, Fumiharu},
     TITLE = {Foundations of rigid geometry. {I}},
    SERIES = {EMS Monographs in Mathematics},
 PUBLISHER = {European Mathematical Society (EMS), Z\"{u}rich},
      YEAR = {2018},
     PAGES = {xxxiv+829},
      ISBN = {978-3-03719-135-4},
   MRCLASS = {14G22 (14F05)},
  MRNUMBER = {3752648},
MRREVIEWER = {Christopher David Lazda},
}
	
@book {AGS08,
    AUTHOR = {Ambrosio, Luigi and Gigli, Nicola and Savar\'{e}, Giuseppe},
     TITLE = {Gradient flows in metric spaces and in the space of
              probability measures},
    SERIES = {Lectures in Mathematics ETH Z\"{u}rich},
   EDITION = {Second},
 PUBLISHER = {Birkh\"{a}user Verlag, Basel},
      YEAR = {2008},
     PAGES = {x+334},
      ISBN = {978-3-7643-8721-1},
   MRCLASS = {49-02 (28A33 35K55 35K90 49Q20 60B05)},
  MRNUMBER = {2401600},
MRREVIEWER = {Pietro Celada},
}

@book {Bal12,
    AUTHOR = {Ballmann, Werner},
     TITLE = {Lectures on spaces of nonpositive curvature},
    SERIES = {DMV Seminar},
    VOLUME = {25},
      NOTE = {With an appendix by Misha Brin},
 PUBLISHER = {Birkh\"{a}user Verlag, Basel},
      YEAR = {1995},
     PAGES = {viii+112},
      ISBN = {3-7643-5242-6},
   MRCLASS = {53C21 (58F17)},
  MRNUMBER = {1377265},
MRREVIEWER = {Boris Hasselblatt},
       DOI = {10.1007/978-3-0348-9240-7},
       URL = {https://doi.org/10.1007/978-3-0348-9240-7},
}


@book {MM07,
    AUTHOR = {Ma, Xiaonan and Marinescu, George},
     TITLE = {Holomorphic {M}orse inequalities and {B}ergman kernels},
    SERIES = {Progress in Mathematics},
    VOLUME = {254},
 PUBLISHER = {Birkh\"{a}user Verlag, Basel},
      YEAR = {2007},
     PAGES = {xiv+422},
      ISBN = {978-3-7643-8096-0},
   MRCLASS = {32L20 (32A25 58J20 58J35 58J52 58J60)},
  MRNUMBER = {2339952},
MRREVIEWER = {David Borthwick},
}

@book{Berk12,
  title={Spectral theory and analytic geometry over non-Archimedean fields},
  author={V. G. Berkovich},
  number={33},
  year={2012},
  publisher={American Mathematical Soc.}
}

@book {GPR94,
     TITLE = {Several complex variables. {VII}},
    SERIES = {Encyclopaedia of Mathematical Sciences},
    VOLUME = {74},
    EDITOR = {Grauert, H. and Peternell, Th. and Remmert, R.},
      NOTE = {Sheaf-theoretical methods in complex analysis,
              A reprint of {{\i}t Current problems in mathematics.
              Fundamental directions. Vol. 74} (Russian), Vseross. Inst.
              Nauchn. i Tekhn. Inform. (VINITI), Moscow},
 PUBLISHER = {Springer-Verlag, Berlin},
      YEAR = {1994},
     PAGES = {vi+369},
      ISBN = {3-540-56259-1},
   MRCLASS = {32-02 (32-06 32Cxx 32Dxx 32Fxx 32Jxx 32Lxx)},
  MRNUMBER = {1326617},
MRREVIEWER = {J. S. Joel},
       DOI = {10.1007/978-3-662-09873-8},
       URL = {https://doi.org/10.1007/978-3-662-09873-8},
}

@book {Dem12,
    AUTHOR = {Demailly, Jean-Pierre},
     TITLE = {Analytic methods in algebraic geometry},
    SERIES = {Surveys of Modern Mathematics},
    VOLUME = {1},
 PUBLISHER = {International Press, Somerville, MA; Higher Education Press,
              Beijing},
      YEAR = {2012},
     PAGES = {viii+231},
      ISBN = {978-1-57146-234-3},
   MRCLASS = {32-02 (14C30 14F18 32J25 32Q15 32U40)},
  MRNUMBER = {2978333},
MRREVIEWER = {Valentino Tosatti},
}


@book {GZ17,
    AUTHOR = {Guedj, Vincent and Zeriahi, Ahmed},
     TITLE = {Degenerate complex {M}onge-{A}mp\`ere equations},
    SERIES = {EMS Tracts in Mathematics},
    VOLUME = {26},
 PUBLISHER = {European Mathematical Society (EMS), Z\"{u}rich},
      YEAR = {2017},
     PAGES = {xxiv+472},
      ISBN = {978-3-03719-167-5},
   MRCLASS = {32W20 (32Q20 32U15 32U20 32U40 35J96)},
  MRNUMBER = {3617346},
MRREVIEWER = {Slimane Benelkourchi},
       DOI = {10.4171/167},
       URL = {https://doi.org/10.4171/167},
}

@book {Bac14,
    AUTHOR = {Ba\v{c}\'{a}k, Miroslav},
     TITLE = {Convex analysis and optimization in {H}adamard spaces},
    SERIES = {De Gruyter Series in Nonlinear Analysis and Applications},
    VOLUME = {22},
 PUBLISHER = {De Gruyter, Berlin},
      YEAR = {2014},
     PAGES = {viii+185},
      %ISBN = {978-3-11-036103-2; 978-3-11-036162-9},
   MRCLASS = {49-02 (49K27 60B99 60J10 90C25 90C48 92D15)},
  MRNUMBER = {3241330},
MRREVIEWER = {Simeon Reich},
       DOI = {10.1515/9783110361629},
       URL = {https://doi.org/10.1515/9783110361629},
}
@book {AMRT,
    AUTHOR = {Ash, Avner and Mumford, David and Rapoport, Michael and Tai,
              Yung-Sheng},
     TITLE = {Smooth compactifications of locally symmetric varieties},
    SERIES = {Cambridge Mathematical Library},
   EDITION = {Second},
      NOTE = {With the collaboration of Peter Scholze},
 PUBLISHER = {Cambridge University Press, Cambridge},
      YEAR = {2010},
     PAGES = {x+230},
      ISBN = {978-0-521-73955-9},
   MRCLASS = {14M27 (32J05 32M15)},
  MRNUMBER = {2590897},
       DOI = {10.1017/CBO9780511674693},
       URL = {https://doi.org/10.1017/CBO9780511674693},
}

@book{EGAI,
  title={Éléments de géométrie algébrique: {I}. {L}e langage des schémas},
  author={Dieudonn{\'e}, J. and Grothendieck, A.},
  year={1971},
  publisher={Springer Berlin Heidelberg New York},
  shorthand={EGA~I-new}
}

@book{EGAII,
  title={Éléments de géométrie algébrique: {II}. {É}tude globale élémentaire de quelques classes de morphismes},
  author={Dieudonné, J. and Grothendieck, A.},
  publisher={Publications Mathématiques de l'IHÉS},
  volume={8},
  pages={5--222},
  year={1961},
  shorthand={EGA~II}
}

@book{EGAIV-2,
  title={Éléments de géométrie algébrique: {IV}. {É}tude locale des schémas et des morphismes de schémas, {S}econde partie},
  author={Dieudonné, J. and Grothendieck, A.},
  volume={24},
  pages={5--231},
  year={1965},
  publisher={Institut des hautes {\'e}tudes scientifiques},
  shorthand={EGA~IV{${}_2$}}
}

@book{EGAIV-4,
  title={Éléments de géométrie algébrique: {IV}. {É}tude locale des schémas et des morphismes de schémas, {Q}uatrieme partie},
  author={Dieudonné, J. and Grothendieck, A.},
  volume={32},
  pages={5--361},
  year={1967},
  publisher={Institut des hautes {\'e}tudes scientifiques},
  shorthand={EGA~IV{${}_4$}}
}

@book {Ful,
    AUTHOR = {Fulton, William},
     TITLE = {Intersection theory},
    SERIES = {Ergebnisse der Mathematik und ihrer Grenzgebiete. 3. Folge. A
              Series of Modern Surveys in Mathematics [Results in
              Mathematics and Related Areas. 3rd Series. A Series of Modern
              Surveys in Mathematics]},
    VOLUME = {2},
   EDITION = {Second},
 PUBLISHER = {Springer-Verlag, Berlin},
      YEAR = {1998},
     PAGES = {xiv+470},
      ISBN = {3-540-62046-X},
   MRCLASS = {14C17 (14-02)},
  MRNUMBER = {1644323},
       DOI = {10.1007/978-1-4612-1700-8},
       URL = {https://doi.org/10.1007/978-1-4612-1700-8},
}


@book{AC,
  title={Algèbre commutative},
  author={Bourbaki, N.},
  year={2007},
  publisher={Springer Science \& Business Media},
  shorthand={AC}
}

@phdthesis{Bou02,
  title={C{\^o}nes positifs des vari{\'e}t{\'e}s complexes compactes},
  author={Boucksom, S.},
  year={2002},
  school={Universit{\'e} Joseph-Fourier-Grenoble I}
}

@book {GR71,
    AUTHOR = {Grauert, H. and Remmert, R.},
     TITLE = {Analytische {S}tellenalgebren},
    SERIES = {Die Grundlehren der mathematischen Wissenschaften, Band 176},
      NOTE = {Unter Mitarbeit von O. Riemenschneider},
 PUBLISHER = {Springer-Verlag, Berlin-New York},
      YEAR = {1971},
     PAGES = {ix+240},
   MRCLASS = {32B05 (13H05 13H10 13J05 13J15 32-02 32A05)},
  MRNUMBER = {0316742},
MRREVIEWER = {K. Wolffhardt},
}

@book {Mat80,
    AUTHOR = {Matsumura, Hideyuki},
     TITLE = {Commutative algebra},
    SERIES = {Mathematics Lecture Note Series},
    VOLUME = {56},
   EDITION = {Second},
 PUBLISHER = {Benjamin/Cummings Publishing Co., Inc., Reading, Mass.},
      YEAR = {1980},
     PAGES = {xv+313},
      ISBN = {0-8053-7026-9},
   MRCLASS = {13-02},
  MRNUMBER = {575344},
MRREVIEWER = {R. M. Fossum},
}


@book {Ap74,
    AUTHOR = {Apostol, Tom M.},
     TITLE = {Mathematical analysis},
   EDITION = {Second},
 PUBLISHER = {Addison-Wesley Publishing Co., Reading, Mass.-London-Don
              Mills, Ont.},
      YEAR = {1974},
     PAGES = {xvii+492},
   MRCLASS = {26-01 (28-01)},
  MRNUMBER = {0344384},
}
	
@book{GH14,
  title={Principles of algebraic geometry},
  author={Griffiths, P. and Harris, J.},
  year={2014},
  publisher={John Wiley \& Sons}
}

@book{Sch99,
  title={Quasi-abelian categories and sheaves},
  author={Schneiders, J.-P.},
  year={1999},
  publisher={Soci{\'e}t{\'e} math{\'e}matique de France}
}

@book{AV,
  title={Abelian varieties},
  author={Mumford, D. and Ramanujam, C. P. and Manin, J. I.},
  volume={5},
  year={1974},
  publisher={Oxford university press Oxford}
}



@InBook{Dar19,
  title={Geometric pluripotential theory on {K}\"ahler manifolds},
  author={Darvas, T.},
  booktitle={Advances in complex geometry},
  volume={735},
  pages={1--104},
  year={2019},
  publisher={Amer. Math. Soc.}
}



@InBook{Ru20,
  title={Tian’s properness conjectures: an introduction to {K}{\"a}hler geometry},
  author={Rubinstein, Y. A.},
  booktitle={Geometric Analysis},
  volume={333},
  pages={381--443},
  year={2020},
  publisher={Birkh{\"a}user, Cham}
}

@incollection{Del71,
  title={Travaux de {S}himura},
  author={Deligne, P.},
  booktitle={S{\'e}minaire Bourbaki vol. 1970/71 Expos{\'e}s 382--399},
  pages={123--165},
  year={1971},
  publisher={Springer}
}


	
@incollection {HPS18,
    AUTHOR = {Hacon, C. and Popa, M. and Schnell, C.},
     TITLE = {Algebraic fiber spaces over abelian varieties: around a recent
              theorem by {C}ao and {P}\u{a}un},
 BOOKTITLE = {Local and global methods in algebraic geometry},
    SERIES = {Contemp. Math.},
    VOLUME = {712},
     PAGES = {143--195},
 PUBLISHER = {Amer. Math. Soc., [Providence], RI},
      YEAR = {2018}
}


@incollection{Lel11,
  title={Fonctions plurisousharmoniques et formes diff{\'e}rentielles positives},
  author={Lelong, P.},
  booktitle={Funzioni e variet{\`a} complesse},
  pages={91--230},
  year={2011},
  publisher={Springer}
}


@book {Ti88,
    AUTHOR = {Tian, Gang},
     TITLE = {Kahler metrics on algebraic manifolds},
      NOTE = {Thesis (Ph.D.)--Harvard University},
 PUBLISHER = {ProQuest LLC, Ann Arbor, MI},
      YEAR = {1988},
     PAGES = {61},
   MRCLASS = {Thesis},
  MRNUMBER = {2636852},
       URL =
              {http://gateway.proquest.com/openurl?url_ver=Z39.88-2004&rft_val_fmt=info:ofi/fmt:kev:mtx:dissertation&res_dat=xri:pqdiss&rft_dat=xri:pqdiss:8901659},
}



@book {BS76,
    AUTHOR = {B\u{a}nic\u{a}, Constantin and St\u{a}n\u{a}\c{s}il\u{a}, Octavian},
     TITLE = {Algebraic methods in the global theory of complex spaces},
      NOTE = {Translated from the Romanian},
 PUBLISHER = {Editura Academiei, Bucharest; John Wiley \& Sons, London-New
              York-Sydney},
      YEAR = {1976},
     PAGES = {296},
   MRCLASS = {32-02 (32C35 32D15)},
  MRNUMBER = {0463470},
MRREVIEWER = {J. S. Joel},
}

@book {PAG2,
    AUTHOR = {Lazarsfeld, Robert},
     TITLE = {Positivity in algebraic geometry. {II}},
    SERIES = {Ergebnisse der Mathematik und ihrer Grenzgebiete. 3. Folge. A
              Series of Modern Surveys in Mathematics [Results in
              Mathematics and Related Areas. 3rd Series. A Series of Modern
              Surveys in Mathematics]},
    VOLUME = {49},
      NOTE = {Positivity for vector bundles, and multiplier ideals},
 PUBLISHER = {Springer-Verlag, Berlin},
      YEAR = {2004},
     PAGES = {xviii+385},
      ISBN = {3-540-22534-X},
   MRCLASS = {14-02 (14C20 14F05 14F17)},
  MRNUMBER = {2095472},
MRREVIEWER = {Mihnea Popa},
       DOI = {10.1007/978-3-642-18808-4},
       URL = {https://doi.org/10.1007/978-3-642-18808-4},
}
		
@book {PAG1,
    AUTHOR = {Lazarsfeld, Robert},
     TITLE = {Positivity in algebraic geometry. {I}},
    SERIES = {Ergebnisse der Mathematik und ihrer Grenzgebiete. 3. Folge. A
              Series of Modern Surveys in Mathematics [Results in
              Mathematics and Related Areas. 3rd Series. A Series of Modern
              Surveys in Mathematics]},
    VOLUME = {48},
      NOTE = {Classical setting: line bundles and linear series},
 PUBLISHER = {Springer-Verlag, Berlin},
      YEAR = {2004},
     PAGES = {xviii+387},
      ISBN = {3-540-22533-1},
   MRCLASS = {14-02 (14C20)},
  MRNUMBER = {2095471},
MRREVIEWER = {Mihnea Popa},
       DOI = {10.1007/978-3-642-18808-4},
       URL = {https://doi.org/10.1007/978-3-642-18808-4},
}



@incollection {MR0103280,
    AUTHOR = {Hirzebruch, Friedrich},
     TITLE = {Automorphe {F}ormen und der {S}atz von {R}iemann-{R}och},
 BOOKTITLE = {Symposium internacional de topolog\'{\i}a algebraica
              {I}nternational symposium on algebraic topology},
     PAGES = {129--144},
 PUBLISHER = {Universidad Nacional Aut\'{o}noma de M\'{e}xico and UNESCO, Mexico
              City},
      YEAR = {1958},
   MRCLASS = {32.00},
  MRNUMBER = {0103280},
MRREVIEWER = {R. Bott},
}

@incollection {Do99,
    AUTHOR = {Donaldson, S. K.},
     TITLE = {Symmetric spaces, {K}\"{a}hler geometry and {H}amiltonian
              dynamics},
 BOOKTITLE = {Northern {C}alifornia {S}ymplectic {G}eometry {S}eminar},
    SERIES = {Amer. Math. Soc. Transl. Ser. 2},
    VOLUME = {196},
     PAGES = {13--33},
 PUBLISHER = {Amer. Math. Soc., Providence, RI},
      YEAR = {1999},
   MRCLASS = {58B25 (32Q20 32W20 53C55 53D20 58E11)},
  MRNUMBER = {1736211},
MRREVIEWER = {Matthew B. Stenzel},
       DOI = {10.1090/trans2/196/02},
       URL = {https://doi.org/10.1090/trans2/196/02},
}

@incollection {Dem17,
    AUTHOR = {Demailly, Jean-Pierre},
     TITLE = {Variational approach for complex {M}onge-{A}mp\`ere equations
              and geometric applications},
      NOTE = {S\'{e}minaire Bourbaki. Vol. 2015/2016. Expos\'{e}s 1104--1119},
   JOURNAL = {Ast\'{e}risque},
  FJOURNAL = {Ast\'{e}risque},
    NUMBER = {390},
      YEAR = {2017},
     PAGES = {Exp. No. 1112, 245--275},
      ISSN = {0303-1179},
      ISBN = {978-2-85629-855-8},
   MRCLASS = {32W20 (32Q25 53C55)},
  MRNUMBER = {3666028},
MRREVIEWER = {Rafa\l  Czy\.{z}},
}

@incollection {Mil90,
    AUTHOR = {Milne, J. S.},
     TITLE = {Canonical models of (mixed) {S}himura varieties and
              automorphic vector bundles},
 BOOKTITLE = {Automorphic forms, {S}himura varieties, and {$L$}-functions,
              {V}ol. {I} ({A}nn {A}rbor, {MI}, 1988)},
    SERIES = {Perspect. Math.},
    VOLUME = {10},
     PAGES = {283--414},
 PUBLISHER = {Academic Press, Boston, MA},
      YEAR = {1990},
   MRCLASS = {11G18 (11F03 11F12 14K22)},
  MRNUMBER = {1044823},
MRREVIEWER = {Min Ho Lee},
}

@incollection {Mus13,
    AUTHOR = {Musta\c{t}\u{a}, Mircea},
     TITLE = {The non-nef locus in positive characteristic},
 BOOKTITLE = {A celebration of algebraic geometry},
    SERIES = {Clay Math. Proc.},
    VOLUME = {18},
     PAGES = {535--551},
 PUBLISHER = {Amer. Math. Soc., Providence, RI},
      YEAR = {2013},
   MRCLASS = {14C20 (13A35 14F17 14F18)},
  MRNUMBER = {3114955},
MRREVIEWER = {Karl Schwede},
}
	


@incollection {ST12,
    AUTHOR = {Schwede, Karl and Tucker, Kevin},
     TITLE = {A survey of test ideals},
 BOOKTITLE = {Progress in commutative algebra 2},
     PAGES = {39--99},
 PUBLISHER = {Walter de Gruyter, Berlin},
      YEAR = {2012},
   MRCLASS = {13A35 (14B05 14F18)},
  MRNUMBER = {2932591},
MRREVIEWER = {Wenliang Zhang},
}	

@incollection {BGKK16,
    AUTHOR = {Burgos Gil, Jos\'{e} Ignacio and Kramer, J\"{u}rg and K\"{u}hn, Ulf},
     TITLE = {The singularities of the invariant metric on the {J}acobi line
              bundle},
 BOOKTITLE = {Recent advances in {H}odge theory},
    SERIES = {London Math. Soc. Lecture Note Ser.},
    VOLUME = {427},
     PAGES = {45--77},
 PUBLISHER = {Cambridge Univ. Press, Cambridge},
      YEAR = {2016},
   MRCLASS = {14G35 (14C20 14H52)},
  MRNUMBER = {3409870},
MRREVIEWER = {Stefan Schreieder},
}



@incollection {Dem15,
    AUTHOR = {Demailly, Jean-Pierre},
     TITLE = {On the cohomology of pseudoeffective line bundles},
 BOOKTITLE = {Complex geometry and dynamics},
    SERIES = {Abel Symp.},
    VOLUME = {10},
     PAGES = {51--99},
 PUBLISHER = {Springer, Cham},
      YEAR = {2015},
   MRCLASS = {32L05 (32J25 32U05 32U40)},
  MRNUMBER = {3587462},
MRREVIEWER = {Tsz On Mario Chan},
}
	
@incollection {BK12,
    AUTHOR = {Berman, Robert and Keller, Julien},
     TITLE = {Bergman geodesics},
 BOOKTITLE = {Complex {M}onge-{A}mp\`ere equations and geodesics in the space
              of {K}\"{a}hler metrics},
    SERIES = {Lecture Notes in Math.},
    VOLUME = {2038},
     PAGES = {283--302},
 PUBLISHER = {Springer, Heidelberg},
      YEAR = {2012},
   MRCLASS = {32Q10 (32L05)},
  MRNUMBER = {2932447},
MRREVIEWER = {Chunping Zhong},
       DOI = {10.1007/978-3-642-23669-3\_8},
       URL = {https://doi.org/10.1007/978-3-642-23669-3_8},
}

@incollection {Bern13a,
    AUTHOR = {Berndtsson, Bo},
     TITLE = {Probability measures associated to geodesics in the space of
              {K}\"{a}hler metrics},
 BOOKTITLE = {Algebraic and analytic microlocal analysis},
    SERIES = {Springer Proc. Math. Stat.},
    VOLUME = {269},
     PAGES = {395--419},
 PUBLISHER = {Springer, Cham},
      YEAR = {2018},
   MRCLASS = {58D17 (53C55 58D20)},
  MRNUMBER = {3903321},
MRREVIEWER = {Maria Gordina},
       DOI = {10.1007/978-3-030-01588-6\_6},
       URL = {https://doi.org/10.1007/978-3-030-01588-6_6},
}

@incollection {Ca97,
    AUTHOR = {Catlin, David},
     TITLE = {The {B}ergman kernel and a theorem of {T}ian},
 BOOKTITLE = {Analysis and geometry in several complex variables ({K}atata,
              1997)},
    SERIES = {Trends Math.},
     PAGES = {1--23},
 PUBLISHER = {Birkh\"{a}user Boston, Boston, MA},
      YEAR = {1999},
   MRCLASS = {32A25 (32L10 46E22)},
  MRNUMBER = {1699887},
MRREVIEWER = {Gregor Herbort},
}
	
	
@incollection {CT08,
    AUTHOR = {Chen, Xiuxiong and Tang, Yudong},
     TITLE = {Test configuration and geodesic rays},
      NOTE = {G\'{e}om\'{e}trie diff\'{e}rentielle, physique math\'{e}matique, math\'{e}matiques
              et soci\'{e}t\'{e}. I},
   JOURNAL = {Ast\'{e}risque},
  FJOURNAL = {Ast\'{e}risque},
    NUMBER = {321},
      YEAR = {2008},
     PAGES = {139--167},
      ISSN = {0303-1179},
      ISBN = {978-285629-258-7},
   MRCLASS = {32Q15 (32Q26 32W20 53C55 58D27)},
  MRNUMBER = {2521647},
MRREVIEWER = {David F. Mart\'{\i}nez-Torres},
}

@incollection {BF93,
    AUTHOR = {Bingener, J\"{u}rgen and Flenner, Hubert},
     TITLE = {On the fibers of analytic mappings},
 BOOKTITLE = {Complex analysis and geometry},
    SERIES = {Univ. Ser. Math.},
     PAGES = {45--101},
 PUBLISHER = {Plenum, New York},
      YEAR = {1993},
   MRCLASS = {32C15 (32C20)},
  MRNUMBER = {1211878},
MRREVIEWER = {D.-M. Popescu},
}



@incollection {Cao17,
    AUTHOR = {Cao, Junyan},
     TITLE = {Ohsawa-{T}akegoshi extension theorem for compact {K}\"{a}hler
              manifolds and applications},
 BOOKTITLE = {Complex and symplectic geometry},
    SERIES = {Springer INdAM Ser.},
    VOLUME = {21},
     PAGES = {19--38},
 PUBLISHER = {Springer, Cham},
      YEAR = {2017},
   MRCLASS = {32Q15 (32L05 32U05)},
  MRNUMBER = {3645303},
MRREVIEWER = {Yih Sung},
}


@incollection {Hir58,
    AUTHOR = {Hirzebruch, Friedrich},
     TITLE = {Automorphe {F}ormen und der {S}atz von {R}iemann-{R}och},
 BOOKTITLE = {Symposium internacional de topolog{\i}a algebraica
              {I}nternational symposium on algebraic topology},
     PAGES = {129--144},
 PUBLISHER = {Universidad Nacional Aut\'{o}noma de M\'{e}xico and UNESCO, Mexico
              City},
      YEAR = {1958},
   MRCLASS = {32.00},
  MRNUMBER = {0103280},
MRREVIEWER = {R. Bott},
}

@Comment{jabref-meta: databaseType:bibtex;}
